3022 4806
130 524 201 602 206
523 530 673 630 ffiflorio
696 514 834 627 Eccles.¹
848 522 967 628 anst.

130 704 272 777 Petrum
288 702 436 801 aliquem
455 706 644 781 Eremitam
663 704 884 796 subornavit,
907 702 989 803 qui,
1013 696 1122 777 instar
1137 698 1207 773 Pro
1231 696 1312 773 heta

130 821 248 989 {fiai}
281 801 594 973 ltlllttl}
614 802 824 975 llll
843 791 1313 987 erlffiffl‘najiialbiil

122 950 265 1100 parum’
282 988 479 1085 prostituta.
528 916 1204 1103 &oronamgeriimfcriidqdetraeram,
1244 988 1313 1055 trac¹

129 1086 185 1158 drt
209 1088 326 1181 legato
349 1086 484 1182 Papae,
509 1088 630 1162 addito
645 1082 833 1186 promisso,
863 1106 928 1159 nec
945 1081 1001 1175 se,
1026 1102 1093 1155 uec
1109 1074 1313 1155 successoren

132 1202 231 1266 eam,
257 1177 319 1252 nili
345 1202 489 1255 emano
515 1186 646 1279 Papae,
671 1200 875 1277 recepturos
891 1178 980 1253 effe:
1005 1183 1079 1251 imo
1103 1173 1226 1343 lpatuit
1251 1172 1313 1246 Re

131 1294 169 1350 ut
196 1276 374 1371 Romanae
399 1276 574 1352 Ecclesrae
596 1280 744 1352 clienter
760 1275 826 1349 srnt
850 1274 959 1348 futuri
984 1295 1087 1367 reget
1145 1268 1313 1366 nglrae,‹

133 1392 279 1466 regnum
310 1369 459 1467 Angliae
491 1394 529 1446 et
564 1371 759 1447 Hiberniae
792 1370 1020 1445 beneficiario
1050 1367 1130 1462 jure
1163 1382 1314 1436 teneren

131 1484 251 1570 annuo
274 1464 513 1571 solutolcensu
539 1469 634 1542 mille
661 1487 850 1541 marcarum
868 1462 1145 1557 sterlingorum,
1171 1457 1313 1625 salrop

132 1579 244 1631 onrnra
275 1562 405 1634 denario
430 1564 546 1651 Petri,
589 1563 633 1636 de
659 1586 729 1659 quo
753 1561 854 1655 supra
886 1558 949 1632 suo
980 1561 1062 1633 loco
1093 1572 1227 1628 monor.

132 1655 270 1728 ratione
296 1654 469 1730 absolutus
492 1656 542 1731 ell
567 1659 668 1746 Rea,
695 1676 731 1730 et
756 1653 980 1752 recuperavit
1005 1672 1183 1725 coronam.

178 1748 214 1847 i.
238 1750 418 1826 CLXXll.
442 1752 498 1827 Ex
522 1751 644 1842 dietis,
671 1772 708 1824 ut
733 1769 771 1825 et
794 1772 838 1823 ex
861 1749 934 1823 aliia
958 1747 1077 1836 saetis,
1102 1766 1195 1842 quae
1220 1738 1313 1814 sool

134 1866 180 1920 co
202 1846 448 1935 narrabuntur,
488 1848 581 1921 clare
602 1846 787 1930 elucescit,
820 1845 990 1939 Spiritum
1018 1835 1314 1916 Antichristianuu

135 1963 216 2015 cum
239 1940 386 2013 dominii
413 1938 571 2036 superbi,
606 1962 680 2015 turn
700 1938 970 2035 persecutionis,
993 1934 1171 2030 respeiiu,
1213 1930 1252 2006 iu
1279 1928 1314 2027 ip

137 2036 210 2109 sese
227 2035 420 2109 luculenter
438 2034 635 2112 ostentasse.
675 2038 733 2112 De
750 2034 931 2131 superbia,
956 2052 993 2106 et
1011 2030 1224 2119 autoritate,
1249 2046 1314 2129 que

137 2130 204 2206 libi
229 2130 430 2227 adrogauit,
471 2132 545 2208 adia
577 2154 659 2207 cunr
684 2130 862 2228 Regibus,
904 2129 1011 2201 modo
1036 2144 1193 2213 narrata,
1232 2138 1314 2195 eta

136 2230 270 2316 multa,
298 2226 380 2302 satia
412 2228 586 2304 testantur.
638 2229 720 2326 Quo
743 2224 851 2299 etiam
877 2224 1050 2320 pertinet,
1074 2244 1155 2294 euro
1179 2214 1314 2291 statuill

137 2320 380 2394 transsationea
402 2324 651 2418 Episcoporum
673 2323 717 2394 de
735 2321 814 2393 sede
840 2320 877 2393 in
898 2319 1033 2407 sedern,
1058 2339 1147 2414 quae
1172 2312 1256 2386 olim
1273 2332 1314 2409 pr

135 2412 338 2489 vincialiurn
365 2418 583 2511 Synodorum
617 2417 805 2491 autoritate
839 2415 995 2503 fiebant,
1036 2413 1094 2486 sua
1128 2428 1314 2503 tantump

137 2505 259 2616 testate
284 2507 361 2582 fierl
386 2509 504 2605 polle,
544 2511 623 2605 quia
647 2514 739 2584 inter
772 2510 981 2604 Episcopum
1016 2528 1053 2580 et
1085 2504 1278 2581 Ecclesiam
1301 2524 1314 2575 ι

139 2603 319 2698 spiratuale
362 2604 585 2701 conjugium,
625 2608 748 2680 asolo
782 2608 863 2678 Deo
897 2603 1119 2690 solvendum,
1162 2598 1257 2697 quod
1290 2618 1314 2695 p

139 2697 323 2774 vicarium
348 2700 443 2773 suurn
469 2723 561 2775 nunc
583 2701 681 2775 facit.
732 2700 818 2775 Vid.
846 2698 1063 2772 Tomalsrnut
1097 2697 1139 2769 de
1163 2698 1300 2789 antiqua

140 2820 222 2871 nona
245 2793 438 2889 disciplina,
478 2816 515 2869 et
550 2798 723 2871 Boehmer
745 2795 819 2891 Jur.
845 2795 978 2868 Eccles.
1011 2794 1033 2866 l.
1059 2795 1086 2865 l.
1121 2789 1178 2865 tit.
1203 2811 1239 2883 7.
1284 2786 1315 2859 8·

140 2893 252 2991 ipsum
273 2892 397 2986 Papam
422 2894 608 2967 audiamus.
658 2894 697 2965 ln
723 2889 883 2963 sermone
907 2887 1147 2984 panegyrico,
1171 2878 1315 2959 occasrot

141 2984 368 3061 anniversarii
395 2987 577 3062 eledlionio
604 2990 680 3061 suae
705 2988 793 3074 diei,
839 2986 873 3058 se
887 2983 1041 3080 sponsum
1067 2982 1215 3076 adpellat
1242 2978 1315 3051 litt¹

135 3082 231 3176 fiae,
256 3098 287 3150 et
314 3081 494 3176 Eccltstom
511 3084 662 3180 sponsam
682 3082 749 3173 sthi
770 3103 825 3176 pro
848 3083 921 3154 dote
945 3075 1109 3172 cuntnlr'ffe
1127 3075 1315 3174 spirituaiir

142 3178 393 3273 plenitudinem,
419 3197 451 3251 et
475 3181 678 3253 latitudinem
703 3181 944 3271 temporalium,
971 3192 1003 3246 et
1025 3179 1057 3244 in
1076 3174 1202 3245 illorum
1222 3166 1315 3265 signu

144 3277 294 3359 mitram,
329 3275 363 3345 in
387 3276 495 3346 lorum
519 3298 605 3347 vero
627 3297 792 3359 toronum,
823 3270 957 3344 mitram
982 3291 1046 3366 pro
1061 3268 1268 3364 sacerdotio,
1301 3287 1315 3339 ι

144 3391 267 3442 ronam
288 3389 353 3461 pro
369 3392 486 3465 regno:
513 3372 603 3443 dicit
621 3390 825 3462 praeterea,
850 3367 885 3441 se
908 3369 1068 3440 ricarium
1086 3364 1191 3458 Regis
1207 3360 1315 3457 Regur

142 3462 232 3557 etse
249 3462 355 3560 solnm
379 3470 514 3538 retinere
540 3468 767 3557 plenitudinem
793 3460 983 3559 potestatis,
1022 3477 1059 3533 ut
1090 3461 1128 3532 de
1160 3457 1248 3552 ipso,
1289 3474 1314 3551 p

144 3559 251 3632 Deum
264 3615 285 3667 ,·
298 3561 359 3631 alii
375 3565 479 3636 dicere
492 3562 634 3662 possint,
660 3578 692 3635 et
716 3585 771 3635 nos
792 3560 1048 3727 delplenitndine
1071 3560 1144 3651 ejus
1159 3556 1315 3647 accepim

145 3653 250 3751 Quod
277 3654 368 3727 rdem
397 3658 439 3729 de
462 3661 540 3734 sede
565 3664 622 3734 sua
643 3656 752 3751 jadiat
775 3656 834 3748 epi
867 3707 877 3726 .
905 3677 987 3747 320.
1013 3653 1070 3725 lib.
1098 3651 1126 3722 1.
1151 3651 1192 3721 ad
1218 3650 1316 3722 clero

146 3749 330 3826 islandiae.
373 3750 434 3826 Sic
459 3772 496 3826 et
522 3756 559 3827 in
587 3755 746 3827 sermone
781 3750 810 3822 Ι.
836 3749 879 3821 de
906 3749 1141 3847 consecratimae
1163 3744 1316 3841 Pontifici

147 3850 274 3942 Papam
299 3844 509 3944 adroganter
534 3848 627 3922 dicit
651 3853 750 3937 inter¹
766 3842 875 3918 Deum
905 3861 938 3916 et
970 3847 1122 3918 luminam
1155 3838 1316 3930 constituta

146 3945 300 4038 medinm,
324 3941 418 4042 infra
443 3945 570 4042 Drnm,
593 3943 658 4045 sed
684 3944 773 4019 altra
797 3941 971 4035 irminam,
1004 3944 1157 4016 minorem
1177 3935 1274 4023 Deo,
1301 3974 1316 4029 J

1125 4042 1130 4071 '
1205 4037 1316 4133 najm
