3022 4806
640 563 747 635 Serus.
774 561 877 636 XVI.
1289 574 1357 660 641

136 751 183 806 ac
205 729 307 828 gravi
330 745 463 832 sexigies
491 734 632 831 inguina
656 757 966 834 computruerunt,
1001 738 1141 836 ipseque
1162 743 1255 817 inter
1271 765 1352 818 cru·

137 829 234 900 deles
257 849 299 902 ac
322 833 513 906 horrendas
541 857 646 908 voces
670 839 828 909 miseram
856 836 987 910 efflauit
1011 839 1171 912 animam.

126 931 133 943 ‘
187 923 219 1020 s.
245 924 357 998 DXC.
395 928 567 1023 Corripuit
592 928 669 1002 dein
690 931 809 1003 eadem
826 930 963 1005 flamma
987 931 1252 1026 persecutionis,
1281 930 1349 1003 eti·

136 1040 191 1091 arn
215 1042 279 1116 per
304 1019 375 1095 vim
399 1044 583 1116 armatam,
611 1045 646 1097 et
665 1030 787 1124 copias
811 1026 995 1114 militares,
1022 1027 1197 1102 Vallenses
1222 1030 1257 1101 in
1285 1031 1346 1098 Pe·

137 1118 295 1188 demoniis
320 1140 351 1190 a.
383 1142 509 1210 1555„
535 1142 572 1193 et
599 1122 783 1219 deinceps,
807 1123 843 1195 iii
869 1123 991 1218 primis
1016 1144 1046 1194 a.
1076 1131 1200 1213 1560.,
1237 1144 1342 1220 quun·

137 1213 209 1298 do,
236 1211 437 1318 bello-inter
459 1218 593 1312 Regem
619 1215 751 1291 Galliae
775 1236 812 1289 et
838 1219 975 1291 Ducem
1007 1217 1192 1292 Sabaudiae
1216 1220 1346 1306 finito,

137 1308 299 1401 regiones
330 1310 406 1382 illae
435 1315 475 1386 ad
504 1310 611 1385 Ducis
641 1312 816 1408 inperium
847 1312 1034 1387 redieruut.
1094 1315 1253 1388 Durante
1278 1315 1349 1385 do·

139 1423 274 1487 minato
302 1404 456 1496 Gallico,
482 1428 553 1479 non
571 1405 742 1482 cessarunt
760 1405 899 1504 quidem
922 1410 1144 1499 vexationes,
1168 1431 1204 1482 et
1231 1412 1346 1505 perse

135 1499 314 1587 curiones,
339 1497 396 1573 sed
423 1527 486 1597 per
502 1502 720 1598 inquisitores
744 1503 976 1599 potissimum,
1003 1504 1083 1598 qui,
1107 1523 1281 1600 quotquot
1305 1528 1343 1579 in

138 1592 347 1689 potestatem
374 1599 534 1692 redigere
565 1621 773 1693 potuerunt,
807 1599 959 1672 violenta
979 1599 1189 1672 ‘adfecerunt
1210 1622 1346 1688 morie,

141 1710 242 1762 more
273 1689 371 1762 solito
409 1717 473 1787 per
505 1695 683 1767 brachium
724 1695 886 1767 seculare.
941 1693 1106 1788 Inprimis
1137 1693 1172 1765 id
1205 1716 1347 1788 operam

136 1783 236 1857 dedit
251 1785 395 1860 Senatus
415 1788 634 1861 Taurinensis
656 1813 687 1866 a.
709 1811 839 1879 1555.,
866 1786 1043 1885 postquam
1070 1789 1347 1862 Bartholomaeus

140 1878 300 1970 Hector,
344 1881 502 1956 librarius
535 1884 702 1980 quidam,
741 1882 856 1956 luisset
896 1881 1045 1956 mirabili
1084 1880 1278 1956 constantia
1306 1885 1347 1976 in

138 1978 226 2049 urbe
253 1975 365 2071 Regia
392 1980 539 2053 Taurini
565 1980 700 2073 publice
728 1974 948 2066 combustus,
992 1979 1250 2074 multorumque
1273 1981 1348 2050 ani·

139 2094 216 2143 snos
239 2073 500 2165 commovisset,
567 2075 674 2169 uippe
697 2096 768 2170 quo
795 2075 939 2145 Senatus
963 2073 1074 2168 magis
1105 2071 1155 2144 est
1171 2072 1345 2160 irritatus,

98 2184 108 2248 f
139 2187 179 2240 et
203 2168 247 2239 ad
271 2167 394 2242 sesiam
418 2171 511 2243 illam
541 2097 694 2244 iunditus
717 2165 969 2263 exstirpandam
995 2167 1176 2240 excitatus.
1224 2169 1349 2242 Millus

139 2261 256 2357 iraque
282 2262 334 2342 est
356 2264 493 2338 Praesei
527 2266 679 2360 Julianus
710 2284 791 2337 cum
827 2264 1023 2336 collaterali
1052 2263 1096 2334 de
1128 2261 1280 2335 Ecclesia
1307 2264 1348 2334 ad

139 2357 339 2446 Vallenses,
379 2363 648 2456 mandatumque
673 2357 783 2455 Regis
810 2355 942 2430 Galliae
973 2357 1154 2430 intereos
1186 2355 1237 2430 est
1271 2381 1349 2450 pre·

140 2451 353 2547 mulgatum,
384 2476 455 2549 quo
481 2456 571 2531 intra
591 2455 741 2529 triduum
761 2452 832 2526 ’ulli
852 2453 950 2542 sunt,
984 2452 1045 2527 sub
1088 2475 1177 2525 oena
1202 2458 1350 2546 moitis,

138 2548 302 2624 interesse
318 2546 448 2625 millae.
483 2547 697 2625 Vallenlibus
723 2476 947 2623 niiiilominus
968 2546 1005 2621 in
1031 2476 1101 2622 fiie
1120 2546 1197 2636 sua,
1232 2550 1349 2657 spreto,

140 2641 282 2735 edisio,
322 2645 626 2740 permanentibus,
665 2647 786 2743 plures
818 2664 934 2718 coram
966 2644 978 2715 i
1009 2643 1045 2717 so
1079 2642 1221 2739 quidem
1253 2647 1351 2720 citati

140 2761 180 2814 et
204 2739 341 2825 addusli
369 2742 465 2830 sunt,
497 2740 555 2815 sed
582 2761 649 2813 nec
675 2741 801 2826 minis,
834 2759 903 2811 nec
953 2666 1260 2818 elicitationinui.
1285 2750 1348 2810 eo:

141 2857 219 2910 rum
251 2837 339 2910 fides
369 2834 480 2930 frangi
514 2837 641 2933 potuit.
689 2833 870 2927 Singulare
900 2760 953 2904 eli
984 2830 1306 2937 responsumipsi
1332 2856 1352 2906 a

142 2929 295 3030 quodam
319 2929 450 3004 rustico
471 2930 608 3016 datum,
636 2950 714 3005 cum
739 2928 849 3002 filium
867 2926 941 3021 ejus
960 2925 1064 2999 vellet
1087 2927 1347 3018 rebaptizatum

144 3038 246 3102 in'ore
273 3023 475 3114 catholico,
502 3049 591 3123 quo,
645 3026 697 3101 ost
723 3046 862 3117 preces,
888 3021 1068 3117 praesente
1094 3016 1270 3108 Praeside,
1295 3021 1352 3096 su·
1409 3029 1411 3034 ’

142 3124 215 3211 sas,
239 3120 350 3211 dixit,
364 3119 407 3214 se
419 3138 572 3216 partium
589 3046 674 3217 ff,
692 3117 901 3213 fiPraests,
915 3111 1083 3284 sponsane
1095 3111 1224 3213 scripto
1249 3119 1350 3208 data,

145 3222 184 3291 in
200 3213 241 3313 se
255 3217 422 3314 suscipere
445 3217 538 3292 selles
551 3233 719 3312 peccatum
737 3215 903 3302 luendum,
927 3235 984 3308 quo
1005 3247 1006 3251 =
1026 3210 1246 3305 locfaciendi
1269 3232 1351 3288 cini*

147 3317 302 3387 mitterer.
356 3313 438 3410 Quo
459 3315 595 3387 Praeses
612 3310 826 3397 absterritus,
856 3307 967 3405 ipsum
990 3307 1085 3382 abire
1106 3307 1212 3402 jussit.
1261 3307 1358 3382 Ten·

150 3407 240 3484 tavit
264 3408 346 3481 dein
372 3408 526 3504 ipsorum
550 3406 815 3483 conversionem
839 3425 901 3499 per
928 3422 1117 3500 praecones
1139 3401 1361 3494 Monachus,

148 3502 207 3580 sed
233 3525 319 3599 quos
341 3503 404 3576 viii
426 3504 545 3578 audire
568 3505 766 3578 voluerunt.
805 3498 975 3572 Omnibus
1002 3499 1120 3592 itaque
1172 3495 1361 3574 erlustratis

149 3597 259 3673 rediit
283 3596 496 3689 Taurinum,
528 3618 566 3672 et
593 3596 734 3685 retulit,
779 3613 907 3668 tantam
934 3593 968 3666 se
1000 3591 1119 3664 inveni
1150 3593 1362 3669 eunionem

150 3713 189 3770 et
213 3691 462 3782 constantiam,
488 3709 526 3769 ut
551 3693 662 3783 nihil,
695 3690 752 3764 nisi
778 3711 839 3784 per
862 3685 1053 3783 expressam
1078 3686 1188 3784 Regis
1211 3687 1365 3784 potesta·

151 3807 246 3878 teni,
272 3786 367 3862 effici
392 3788 504 3881 poliir.
552 3790 659 3863 Causa
682 3786 732 3860 ita
754 3785 833 3858 dein
857 3783 899 3856 ad
925 3783 1063 3881 Regem
1090 3781 1222 3869 delata,
1246 3798 1282 3854 ec
1301 3805 1365 3854 no·

153 3898 203 3957 uo
224 3885 297 3979 ejus
324 3884 489 3974 mandato
512 3905 605 3958 anno
636 3884 806 3979 sequente
834 3877 1033 3976 inpetrato,
1049 3916 1056 3933 ι
1073 3901 1144 3977 quo
1168 3876 1228 3952 sub
1253 3898 1367 3976 poena

149 3979 276 4056 mortis
303 3994 340 4051 er
359 3976 634 4061 ‚confiscationis
665 3981 858 4058 bonorum
879 3975 975 4050 adire
1003 3975 1171 4073 jubentur
1192 3970 1368 4081 ..millam

139 4072 179 4143 t.
201 4071 290 4151 Toni.
317 4074 381 4152 Vr.
736 4072 917 4149 Mmmm
1245 4083 1376 4150 iterum
