3022 4806
135 620 204 694 174
513 589 663 708 iiisloriu
684 591 812 694 Ecclrs.
838 592 953 694 tirrst.

137 775 265 849 lescens
287 771 379 847 obiit
402 790 433 845 a.
462 777 589 861 1280„
617 770 743 847 aeratis
769 794 827 868 75.
878 771 1024 870 Oppido
1046 775 1176 852 multoa
1201 774 1342 877 scripsit

135 871 263 960 libros,
296 889 440 966 quotum
473 868 534 961 qui
567 866 652 942 editi
683 867 761 942 sunt
791 891 834 943 at
864 870 1081 945 constituunt
1111 872 1148 946 in
1179 872 1243 951 ful.
1275 898 1346 949 vo·

137 967 288 1056 lumina,
319 978 448 1039 edente
475 964 515 1036 P.
539 964 690 1060 Jammy.
740 965 830 1039 Sunt
854 984 967 1039 autem
992 969 1178 1042 maximam
1201 989 1345 1064 partem

137 1061 384 1137 commentarii
399 1057 436 1133 in
453 1059 699 1149 Aristotelem,
724 1060 977 1152 Lambatdum,
1002 1083 1041 1136 et
1063 1063 1277 1161 scripturam
1301 1067 1344 1141 8.

140 1161 302 1233 Ceterum
327 1156 461 1254 primus
483 1155 579 1229 inter
611 1156 778 1244 Latinos,
811 1175 850 1230 ut
880 1157 1086 1232 Trihemiua
1118 1159 1245 1251 tradit,
1276 1182 1343 1236 ex·

138 1257 248 1329 aravit
280 1249 532 1326 commentaria
570 1252 606 1324 in
643 1273 765 1324 omnes
806 1250 1025 1343 Aristotelia,
1066 1255 1276 1345 Lumbardi,
1299 1275 1342 1333 et

140 1348 316 1433 Euclidis,
352 1345 581 1442 similiumque
607 1365 790 1436 autorum,
822 1347 948 1437 libror,
978 1349 1139 1446 jecitque
1162 1349 1342 1426 secundae

138 1445 264 1517 aeraria
294 1440 594 1529 scholasticorum,
628 1441 673 1513 de
713 1465 779 1538 qua
816 1441 956 1536 postea,
998 1443 1233 1521 fundamenta,
1283 1448 1345 1520 De

131 1537 288 1629 damma,
313 1560 379 1633 qua
401 1535 496 1613 adius
514 1537 601 1626 luit,
625 1535 855 1631 superstione,
881 1538 936 1610 vel
961 1537 1028 1615 sola
1044 1540 1246 1637 Bibliaejur
1259 1544 1345 1619 Ma·

130 1634 251 1726 uiant,
277 1634 384 1707 modo
400 1634 473 1728 eiua
488 1630 577 1720 lint,
602 1630 788 1718 testantur,
813 1632 991 1728 inquibat
1014 1635 1131 1711 omnit
1150 1634 1231 1712 fere
1242 1658 1346 1736 prae·

131 1731 249 1823 elata,
281 1728 428 1830 quaein
451 1726 688 1825 Scripturas.
713 1747 921 1819 occurrunt,
946 1730 989 1804 ad
1013 1730 1168 1809 Mariam
1199 1736 1348 1809 manun-

179 1850 206 1906 r.

131 1842 219 2023 ως.
242 1920 411 1996 CXLIX,
427 1915 609 2012 Aequalis,
628 1916 712 1990 etin
725 1914 916 1992 studiorum
933 1941 1063 2018 genere
1076 1917 1209 2014 sotiua,
1233 1924 1343 2021 Alex·

139 2027 250 2101 ander
273 2013 450 2104 Halensra,
475 2012 533 2085 seu
555 2011 600 2085 de
625 2012 752 2100 Hales,
784 2013 853 2087 fuit
877 2016 1030 2112 Anglua,
1066 2018 1175 2115 patria
1199 2017 1348 2100 Gloces·

138 2111 296 2202 alenus,
321 2109 572 2187 Minotitarum
585 2107 707 2183 ⁴ordini
724 2106 930 2204 adscriptae,
947 2110 1069 2186 studiis
1083 2135 1129 2187 ue
1144 2113 1245 2190 dedit
1259 2138 1346 2214 ope·

138 2232 217 2288 tam
242 2207 396 2298 Parisria,
419 2224 631 2301 ,tantamque
654 2205 692 2278 in
717 2203 913 2302 Theologia
937 2206 1053 2282 schola
1085 2207 1160 2301 'ca,
1192 2230 1232 2286 et
1255 2212 1345 2310 June

139 2303 342 2393 emunito,
373 2303 518 2398 adeptus
551 2300 600 2372 est
634 2299 789 2390 laudem,
830 2320 869 2374 ut
899 2301 1067 2377 Douoris
1097 2304 1346 2402 irrefragabilis

138 2398 256 2493 elogio
287 2395 395 2473 fuerit
423 2412 575 2468 ornatur.
633 2391 807 2490 Magister
830 2419 917 2471 vero
939 2396 1030 2487 fuit,
1071 2421 1142 2474 nun
1178 2400 1347 2480 Thomae

139 2491 353 2589 Aquinatis,
375 2489 468 2587 quod
494 2486 648 2596 nonnulli
674 2506 856 2584 putarunt,
882 2512 922 2566 ur
945 2492 983 2566 in
1005 2494 1196 2572 collatione
1212 2497 1344 2574 Dumi-

138 2585 257 2668 nieani
296 2607 376 2659 cum
407 2584 464 2657 Fr.
488 2581 664 2671 Minore,
703 2584 793 2657 aud
824 2588 988 2663 Natalem
1028 2590 1269 2671 Alexandrum
1305 2592 1348 2672 in

138 2679 333 2780 adpendice
360 2677 449 2752 tomi
475 2676 562 2750 Vll.
589 2675 683 2784 Hist.
715 2608 846 2756 {celei
877 2681 1149 2778 demonstratur,
1181 2687 1242 2766 sed
1274 2692 1347 2766 Bu·

139 2796 374 2868 mercaturae,
406 2792 445 2847 et
468 2771 638 2870 Johanma
661 2774 783 2863 Duns,
815 2775 887 2850 save
909 2780 1028 2870 Senti,
1053 2782 1146 2856 unde
1168 2782 1345 2861 sentilam

139 2876 217 2957 otri
240 2873 342 2961 sunt,
374 2869 467 2944 obiit
490 2893 522 2944 a.
550 2889 655 2957 1245.
707 2871 852 2967 Scripsit
876 2895 1109 2950 commentar.
1141 2881 1182 2972 in
1205 2878 1351 2956 Aristo·

140 2975 269 3058 telem,
298 2968 406 3044 libros
420 2965 672 3039 sententiatum
689 2965 727 3040 Ρ.
743 2968 952 3059 Lombardi,
978 2990 1017 3044 et
1040 2971 1118 3049 Scri
1147 2993 1260 3067 turam
1278 2979 1343 3070 8.,

139 3067 223 3144 deni
248 3085 292 3138 ue
314 3061 481 3158 summum
504 3058 713 3154 Theologiae,
746 3062 783 3137 in
807 3087 875 3159 qua
896 3065 1056 3141 omnibus
1078 3093 1102 3166 p
1134 3092 1225 3147 mam
1241 3093 1347 3168 prau-

139 3160 233 3259 ripui
261 3182 281 3231 e
312 3158 404 3233 visua
432 3154 496 3232 est,
542 3155 743 3251 Discipulur
772 3159 847 3255 ejus
879 3160 1070 3254 Jobunnrr,
1104 3165 1160 3239 vel
1194 3168 1346 3261 Petrut,

141 3262 389 3344 Bonarerrrura,
449 3252 535 3326 atria
557 3249 714 3341 Tuscus,
747 3253 875 3328 ordinis
903 3257 1108 3350 Minorum,
1138 3260 1200 3336 seu
1235 3264 1348 3340 Fran·

140 3355 382 3464 tiscanorum,
442 3345 606 3515 metallis,
632 3346 945 3518 delinacmdinalia,
970 3375 1005 3427 et
1020 3356 1224 3433 Albunenfia
1237 3357 1346 3473 Epis·

140 3444 640 3649 lllllll‘ll‘llliif,
664 3448 1347 3653 alilariealeaeeeit

137 3666 219 3720 cum
242 3640 464 3729 celebritate,
494 3637 657 3711 ommbua
678 3638 815 3732 Synodr
840 3641 1007 3715 membris
1037 3643 1216 3740 exsequias
1249 3666 1344 3722 eun·

138 3741 250 3823 tibus,
276 3732 446 3830 sepultus,
472 3755 491 3804 a
508 3732 611 3805 Sixto
628 3731 726 3898 lV.65
741 3729 808 3806 sec.
831 3735 939 3828 XV„
963 3734 1159 3813 sanatorum
1176 3742 1345 3855 catalogo

138 3833 302 3919 insertur,
328 3848 407 3901 eta
433 3825 532 3898 Sixto
555 3826 606 3901 V.
629 3826 690 3898 Do
726 3847 766 3897 or
784 3826 1170 3909 Ecclestaedeclaratua.
1218 3838 1358 3931 Coiurt¹

136 3953 220 4038 prae
251 3925 311 3999 reli
340 3924 392 4034 uis
417 3919 590 4008 Mariam,
629 3915 825 4030 primusque
858 3926 1009 4038 tradit-ur
1031 3928 1103 4038 'reli
1132 3929 1221 4008 iolas
1251 3934 1342 4009 Lai.

136 4018 301 4108 torums
360 4019 493 4110 latatea,
526 4016 583 4092 vel
602 4013 926 4114 confraternitates,
961 3955 1144 4104 rustrturlfe
1166 4051 1197 4104 a
1224 4050 1360 4123 1270.·

1224 4124 1351 4222 09²ss
