3022 4806
150 612 194 703 3⁸
539 600 840 705 mstonanccns.
866 603 984 706 mm.

139 781 262 894 bardo
296 805 418 880 gravet
451 785 658 881 inputarunt
691 804 857 864 errorent.
886 801 926 858 ut
961 774 1001 862 in
1023 775 1117 884 'ejus
1149 783 1226 864 vita
1262 774 1375 871 nam·

155 903 204 955 m.
1320 907 1326 916 ·

499 1074 767 1151 DOCTRINA
790 1074 860 1148 ET
883 1073 1032 1149 FIDES.

201 1264 233 1363 §-
259 1265 430 1338 XXXIV.
477 1265 712 1342 Retinuetunt
743 1265 884 1362 quidem
916 1262 1104 1339 Christiani
1128 1261 1258 1342 summa
1285 1264 1371 1342 fidei

151 1367 285 1456 capita,
327 1378 363 1433 ut
387 1360 521 1450 semper
546 1382 665 1452 antea,
708 1359 794 1435 stent
824 1385 867 1436 ex
900 1360 1202 1437 centuriatoribus
1227 1381 1268 1437 et
1292 1364 1370 1438 aliis

136 1456 231 1529 ¹satis
256 1454 411 1542 constat,
438 1481 542 1553 quare
572 1462 655 1533 huic
682 1459 734 1530 rei
760 1479 828 1531 non
853 1461 1072 1547 immorabor,
1098 1477 1255 1532 attamen
1276 1458 1368 1533 haud

150 1575 259 1650 pauca
283 1552 350 1624 hoe
377 1553 508 1644 leculo,
550 1555 778 1642 liemarum,
808 1552 1032 1639 addiderunt,
1065 1575 1153 1648 qnae
1176 1554 1368 1652 puritatem

132 1665 211 1722 *aut
236 1647 495 1744 stmplicitatem
520 1650 601 1724 fidei
626 1648 834 1727 Christianae
857 1651 915 1722 vel
941 1651 1185 1740 obscurarunt,
1212 1651 1271 1723 vel
1288 1670 1366 1724 ent·

132 1755 334 1838 impetunt.
390 1767 420 1818 1.
445 1747 583 1820 Petrum
611 1747 791 1819 sententias
815 1744 1093 1834 considerarunt,
1128 1763 1292 1843 tanquam
1317 1747 1366 1839 al·

131 1850 264 1913 ‘terum
290 1840 511 1936 Theologiae
537 1842 768 1937 principium,
807 1843 1007 1935 scripturae
1030 1838 1106 1913 fere
1129 1841 1362 1938 aequandum.

133 1934 208 2010 ‘De
231 1958 301 2031 quo
326 1959 371 2008 ex
395 1937 502 2009 Petro
520 1936 744 2027 Lombardo,
770 1933 1062 2010 Scholasticotnm
1079 1934 1263 2031 Principe,
1287 1957 1360 2012 non

146 2046 281 2105 tantum
310 2028 468 2122 constet,
509 2032 566 2106 sed
594 2056 639 2106 ex
671 2031 736 2106 illis
766 2054 925 2127 quoque,
963 2031 1023 2140 qui
1056 2031 1101 2103 de
1134 2029 1362 2110 Scholasticn

138 2127 262 2202 minut
284 2129 375 2203 bene
400 2127 594 2218 senserunt,
634 2128 764 2225 quippe
795 2129 855 2221 qui
879 2127 920 2201 in·
940 2124 1006 2199 illm
1039 2144 1221 2217 taxarunt,
1264 2129 1361 2224 quod

131 2223 285 2300 ·Patrum
309 2223 465 2321 vestigiis
490 2250 560 2298 non
583 2225 726 2320 pteffius
750 2221 965 2296 institerint:
1006 2220 1092 2295 stent
1118 2241 1175 2294 ex.
1200 2245 1255 2318 gr.
1278 2223 1359 2299 Ste'·

133 2320 281 2415 naitanus
312 2320 544 2392 Tornacenfis
576 2319 612 2391 in
645 2318 743 2427 epist.
761 2316 880 2388 modo
911 2317 1041 2404 citata;
1083 2314 1142 2390 ubi
1173 2319 1359 2395 adfirmare

131 2435 217 2489 non
250 2434 413 2499 veretur,
454 2414 571 2486 Patres
600 2413 816 2506 Scripturam
850 2411 1051 2508 explicuilse
1085 2413 1190 2484 colem
1213 2413 1358 2508 spiritu,

139 2532 200 2603 qno
224 2510 346 2582 illlata
371 2508 441 2602 est,·
480 2511 637 2603 adeoque
662 2530 731 2592 eos
756 2507 856 2601 plane
881 2507 1047 2582 sufficere.
1101 2528 1135 2582 2.
1163 2509 1220 2583 De
1249 2507 1359 2585 Trini-

134 2621 213 2680 we
239 2603 329 2677 dicit
352 2606 474 2676 Petrus
507 2601 719 2700 Alphonsus‚
751 2603 785 2674 in
815 2604 940 2698 dialogo
966 2619 1089 2676 contra
1113 2603 1284 2698 Judaeot,
1315 2605 1354 2684 in

138 2700 248 2778 seculi
275 2698 374 2772 initio
406 2698 563 2797 scriptos
594 2697 649 2773 tit.
675 2701 743 2774 Vl.
784 2698 829 2772 de
866 2700 1052 2788 Trinium,
1091 2716 1160 2771 tres
1192 2701 1359 2780 Personas

139 2796 213 2872 offe
236 2795 479 2893 substantiam,
510 2792 731 2890 sapientiam,
759 2812 791 2865 et
814 2799 1021 2869 voluntatem.
1069 2795 1179 2890 Hngo
1201 2819 1292 2872 vero
1312 2800 1361 2875 de

139 2897 179 2968 θ.
207 2892 361 2966 Viltnre
385 2892 421 2967 in
444 2890 531 2963 libro
556 2892 599 2963 de
624 2892 838 2988 conscientia,
862 2892 929 2983 ait,
947 2889 1035 2981 ficut
1054 2893 1087 2961 in
1104 2891 1173 2961 Deo
1187 2889 1272 2987 sunt
1286 2909 1355 2967 tres

138 2986 314 3088 personat,
337 2989 460 3075 Pater,
485 2987 608 3075 Filius,
635 3007 667 3060 et
683 2991 826 3083 Spiritus
842 2989 877 3059 S.
892 3045 901 3076 ,
919 2986 969 3081 stt
986 2992 1019 3058 in
1035 2990 1146 3058 anima
1169 2988 1270 3063 hales
1288 3007 1357 3064 tres

136 3090 247 3172 mres,
279 3085 490 3174 intemetum,
522 3087 738 3174 voluntatem,
771 3101 803 3157 et
827 3091 1021 3158 memoriam.
1068 3084 1192 3156 Petrus
1213 3106 1357 3197 quoque

102 3243 108 3257 .
139 3178 359 3254 Lombardm
392 3180 414 3255 l.
439 3182 466 3257 1.
499 3179 577 3255 dist.
610 3183 675 3254 111.
708 3181 890 3253 humanam
922 3196 1072 3252 mentem
1105 3199 1169 3275 pto
1196 3180 1356 3277 imagine

136 3276 353 3365 1Ttinitatis,
378 3276 462 3349 licet
487 3277 656 3366 diffiniti,
682 3276 897 3373 aliquatenus
921 3275 1042 3363 habet,
1067 3296 1146 3347 cum
1174 3272 1214 3348 fit
1235 3297 1355 3350 memo·

138 3377 193 3447 tia
202 3390 229 3462 ,ιτ
240 3373 476 3466 intelligentia,
500 3377 667 3459 noluntas,
690 3395 777 3467 quae
796 3394 894 3445 unam
921 3370 1026 3446 vitam
1044 3368 1214 3444 effitiunt.
1263 3373 1356 3450 vid.

135 3469 453 3546 utiamHonorius
486 3469 802 3567 Augustodunensts
828 3469 873 3540 de
903 3471 1083 3562 cognitione
1115 3488 1210 3538 verae
1242 3471 1355 3561 vitae,

136 3563 179 3640 in
214 3564 411 3658 adpendice
442 3585 540 3658 oper.
575 3565 762 3660 Augustini
796 3583 882 3637 tom.
918 3565 985 3636 VI.
1020 3565 1139 3635 Petrus
1169 3563 1354 3640 Blaesensn

135 3658 233 3756 epist.
262 3669 318 3754 83.
343 3661 385 3734 ad
411 3659 617 3749 Soldanum,
642 3662 760 3757 inqua
781 3657 946 3730 summam
972 3659 1055 3733 fidei
1072 3657 1243 3746 exhibet,
1266 3659 1352 3734 Tri·

135 3760 283 3833 nitatem
309 3776 448 3853 quoque
473 3754 624 3826 contulit
651 3779 730 3830 cum
756 3753 994 3847 intelligentia,
1018 3756 1219 3829 memoriam
1239 3757 1352 3831 nolun-

137 3869 227 3942 tale‚
253 3876 340 3950 quae
363 3872 465 3923 unam
488 3849 705 3925 constituunt
733 3869 908 3937 mentem,
934 3872 1001 3924 nec
1029 3875 1100 3924 non
1126 3872 1205 3924 cum
1232 3852 1350 3944 radio,

134 3954 271 4039 ¹calore,
298 3966 335 4021 et
360 3946 540 4044 splendore
567 3947 655 4021 solis.
705 3945 900 4018 Guibertus
926 3947 1044 4023 Abbas
1066 3948 1110 4020 de
1131 3947 1348 4046 Novigento

128 4047 278 4149 denique
319 4043 356 4119 in
393 4045 536 4118 trullam
573 4057 686 4119 contra
720 4040 872 4138 Jnlaem
904 4063 980 4142 cop.
1011 4043 1057 4116 X.
1098 4043 1225 4117 Filium
1258 4043 1350 4216 (fierit

136 4190 140 4197 ·
236 4172 239 4183 ·
1276 4165 1297 4218 e
1328 4162 1350 4216 e
