3022 4806
533 690 575 723 .,
643 631 752 742 secor.
777 629 886 709 arn.
935 634 959 647 ’·
1304 599 1374 738 ser

144 817 336 903 a.1278.,
377 806 506 899 vellet,
534 827 570 885 ut
598 810 766 909 Episcopi
801 833 878 885 eam
911 804 1157 906 professionem
1193 813 1251 887 sub
1273 816 1369 910 jura·

141 904 269 976 messto
305 904 526 1001 reciperent,
560 927 596 980 et
629 909 824 1006 symbolum
855 928 937 980 cum
963 904 1098 980 famoso
1123 909 1367 986 additamento

140 997 290 1095 hisioque
308 1023 513 1091 caneretur,
536 1006 722 1101 superator
741 1005 775 1078 ei
796 1002 1026 1099 significavit,
1051 1004 1166 1094 asua,
1191 1025 1227 1078 et
1244 1007 1367 1087 Ec'ose·

144 1093 237 1185 fiac,
263 1120 301 1168 re
328 1120 400 1169 non
427 1099 517 1188 esse,
544 1124 617 1172 rem
647 1100 791 1174 ulterius
822 1119 964 1196 urgete,
990 1097 1071 1192 quia
1089 1101 1278 1196 gravissimi
1297 1105 1365 1195 jann

145 1213 166 1263 a
197 1191 343 1267 Graecis
375 1214 560 1288 propterea
586 1195 832 1271 suscitabantur
865 1212 1001 1281 motus,
1026 1216 1092 1269 nec
1124 1197 1304 1291 inperator
1326 1201 1364 1274 in

148 1288 279 1360 throno
307 1288 394 1361 esset
432 1309 546 1378 tutus3
570 1292 696 1388 Papam
724 1295 842 1388 itaque
867 1312 973 1386 aegre
1000 1311 1073 1365 non
1099 1291 1226 1366 debere
1248 1295 1361 1385 serre,

142 1379 173 1463 fi
198 1387 312 1480 aliqua
346 1406 501 1456 uteretur
529 1387 750 1461 oeconomia.
800 1386 881 1487 Quo
907 1386 1088 1479 responso,
1115 1407 1153 1460 et
1180 1389 1364 1463 vacissante

147 1482 267 1551 animo
294 1483 525 1575 inperatoris,
556 1487 645 1556 adeo
672 1485 741 1558 suit
768 1480 919 1555 offensus
942 1483 1032 1575 Papa
1065 1484 1244 1557 Martinus
1269 1487 1366 1581 IV„-

147 1573 295 1647 Nicosai
314 1576 499 1664 successor,
525 1600 561 1650 ut
582 1604 613 1654 a.
636 1592 742 1661 1281.
766 1578 1002 1663 Michaesern‘,
1022 1596 1182 1671 tanquam
1200 1581 1361 1658 schisrna·

142 1669 191 1742 ,tis
209 1690 248 1742 et
266 1671 434 1760 haeresos
452 1675 666 1748 Graecorum
681 1678 870 1764 fautorem,
890 1672 1112 1746 anathemate
1132 1678 1357 1771 percusserit,

147 1768 306 1841 omnibus
330 1769 550 1862 Principibus
574 1770 701 1845 foedus
722 1795 800 1844 cum
821 1794 866 1843 eo
886 1767 1095 1842 contrahere
1121 1771 1358 1851 interdixeris.

145 1862 266 1939 Exsiat
290 1863 456 1936 sententia
478 1865 569 1958 apud
595 1867 825 1961 Raynasdum.
872 1867 996 1959 Papam
1015 1862 1055 1935 ad
1077 1887 1356 1959 praematurum,

139 1961 389 2055 etindignum,
408 1960 745 2036 issudsacinusfuisse
762 1965 1017 2058 perCarosum,
1038 1958 1177 2033 Siciliae
1195 1966 1356 2058 Regem,

141 2054 325 2128 incitatum
368 2056 505 2128 tradunt
543 2059 712 2151 Jordanus
750 2060 841 2151 apud
882 2055 1125 2151 Raynasdum,
1171 2077 1208 2128 et
1240 2062 1359 2133 Prole.

143 2174 262 2224 maeus
294 2151 467 2226 Lucensis.
519 2154 660 2225 Carolus
676 2151 787 2226 enim
811 2168 966 2224 narratur
989 2170 1103 2242 regno
1140 2151 1356 2231 Graecorum

144 2242 309 2334 inhiasse,
336 2248 488 2343 illudque
512 2247 685 2320 Michaesi
711 2263 869 2342 ereptum
887 2243 1042 2317 voluisse.
1095 2245 1221 2320 Omnia
1238 2252 1356 2349 itaque

140 2344 229 2419 inde
263 2342 405 2417 suerunt
437 2341 608 2437 disrupta,
633 2366 719 2441 quae
745 2347 787 2416 ad
814 2342 967 2437 speciem
994 2340 1202 2413 videbantur
1220 2354 1355 2440 :unita3

141 2439 294 2513 maxime
319 2437 396 2536 post
410 2438 602 2534 Palaeosogi
619 2459 788 2528 mortem,
815 2439 876 2511 sub
901 2435 1107 2509 Andronico
1130 2439 1353 2533 inperatore,

132 2534 232 2611 *adeo
248 2536 375 2623 etiam,
403 2554 461 2624 ut,
488 2535 525 2606 in
550 2533 688 2608 unionis
709 2533 820 2608 fassae
837 2529 1126 2622 detestationem,
1152 2535 1352 2640 Palaeosogi

147 2654 273 2726 corpus
306 2629 447 2705 honesta
483 2629 589 2702 suerit
614 2630 770 2703 orbatum
793 2633 985 2726 sepostura;
1010 2648 1049 2700 ut
1073 2630 1304 2726 Pachymeres
1328 2641 1351 2713 s.

144 2728 225 2802 ΧΠ.
250 2726 369 2800 refert.
418 2725 573 2799 Rescissa
595 2730 700 2798 etiam
724 2748 808 2800 mox
828 2729 904 2799 sunt
930 2722 1006 2796 assa
1028 2724 1104 2811 isla,
1132 2727 1274 2802 Veccus
1289 2732 1350 2804 de·

142 2824 294 2918 positus,
311 2820 525 2918 etJosephus
541 2818 790 2910 restituisses,
812 2824 934 2894 omnes
952 2817 1112 2904 Praelati‚
1132 2820 1256 2914 quibus
1272 2850 1351 2921 par.

143 2923 256 2994 resin
288 2942 331 2993 eo
366 2919 507 3012 negotio
531 2918 694 3007 fuerant,
727 2915 968 3002 exauctorari,
1011 2914 1182 3009 denique,
1207 2921 1352 3013 Synodo

139 3016 280 3101 coasts,
304 3014 517 3089 anathemati
548 3010 773 3108 subjecerunt
801 3014 949 3106 Papam,
977 3032 1057 3082 cum
1090 3009 1248 3088 universa
1282 3018 1352 3092 Ec.

140 3117 239 3190 csesia
269 3111 415 3199 Latina3
443 3130 479 3181 ut
510 3130 613 3183 autor
637 3111 680 3181 de
695 3109 905 3204 separatione
931 3106 1063 3179 Veteris
1080 3102 1228 3197 Romae,
1256 3114 1348 3207 apuii

137 3211 297 3284 Leonem
315 3206 501 3294 Asiatiurn,
528 3204 649 3293 tradit,
675 3225 709 3276 et
725 3205 963 3300 Pachymeres.
1015 3201 1122 3311 Unde
1141 3203 1261 3298 postea
1278 3209 1351 3285 sac.

138 3326 213 3381 tum
231 3304 301 3391 est,
326 3323 366 3375 ιιι
382 3303 603 3375 Andronicus
620 3325 639 3373 a
656 3293 928 3385 crementata,
954 3315 989 3369 et
1007 3298 1081 3369 alns
1104 3298 1223 3394 Papis,
1242 3303 1351 3382 fueris

138 3400 471 3480 excommunicatus.
523 3393 639 3470 Divisi
671 3417 811 3492 quoque
844 3397 984 3468 suerunt
1006 3393 1068 3488 ipss
1093 3395 1238 3499 Graeci,
1262 3426 1351 3498 qno.

137 3497 305 3583 rimasii,
326 3514 363 3568 ut
381 3495 557 3588 Johannes
576 3494 737 3580 Veccus',
755 3491 930 3587 Georgius
947 3486 1182 3596 Metoschrta,
1203 3514 1241 3569 et
1256 3502 1350 3573 Con.

136 3594 309 3673 ihrntinus
349 3591 598 3671 Meliteniota,
624 3588 832 3660 Latinorum
865 3584 997 3659 causam
1040 3603 1119 3655 turts
1151 3587 1260 3680 sunt,
1291 3597 1352 3671 alii

130 3716 228 3767 sero
242 3690 479 3774 Graecorum,
507 3704 545 3758 ut
563 3684 738 3778 Georgius
755 3683 924 3779 Cyprius,
954 3680 1125 3776 Georgius
1140 3683 1351 3763 Moschoru-

137 3813 220 3888 par,
248 3782 494 3858 Constantinus
514 3782 739 3873 Acropolita,
759 3797 795 3849 et
822 3775 997 3875 Georgius
1015 3777 1258 3874 Pachytneres.
1289 3786 1348 3859 De

139 3883 287 3983 quibus,
303 3898 341 3954 et
355 3877 433 3954 asiis
451 3875 693 3973 scriptoribus,
712 3896 807 3952 nunc
827 3878 994 3975 quaedam
1011 3873 1203 3970 proferam.
1260 3908 1263 3913 >

189 4111 368 4247 nuri.
418 4132 444 4148 ’“
532 4253 537 4261 ,
729 4098 792 4252 ἐι
843 4130 848 4139 ’
1144 4094 1149 4117 ¹
1206 4100 1359 4276 sensti
