3022 4806
771 526 797 541 N

130 672 204 767 3⁶0
524 655 672 748 Historia
692 656 823 758 Eccles.
835 655 964 791 ‘⁶¹¹⁶ss-

132 844 204 923 elle
235 838 434 939 lubjedlos:
467 836 556 912 solos
587 835 687 933 polle
718 838 869 911 condere
900 839 1081 934 generales
1104 857 1283 925 canones,
1309 853 1340 908 et

134 946 255 1040 plenas
280 935 475 1010 concedere
495 932 747 1028 indulgentias:
773 934 863 1008 solon
876 934 975 1029 polle
991 933 1250 1011 controversias
1266 930 1344 1006 fidei

135 1037 315 1122 decidere,
333 1028 401 1102 elie
417 1050 533 1104 autem
553 1051 674 1101 vetum
697 1049 734 1100 et
749 1030 984 1121 catholicum,
999 1031 1164 1129 quiequid
1182 1031 1272 1125 Papa
1286 1049 1333 1100 au·

132 1134 277 1207 toritate
297 1127 467 1214 clavium,
501 1123 562 1197 libi
586 1147 605 1197 a
629 1122 767 1198 Christo
791 1123 1016 1219 traditarum,
1040 1125 1252 1201 determinat
1276 1120 1331 1195 elle

137 1249 287 1312 verum,
322 1222 481 1317 quodque
512 1221 722 1293 determinat
747 1217 816 1292 effe
840 1219 992 1313 falsum,
1023 1241 1083 1297 aut
1109 1221 1329 1306 haereticum,

136 1325 202 1399 tale
235 1314 306 1391 elie
330 1317 550 1388 censendum.
604 1315 727 1412 Quid?
750 1315 841 1411 quod
866 1315 905 1389 in
924 1316 1038 1408 Bulla,
1069 1340 1135 1414 qua
1152 1318 1329 1413 anilaeum

133 1415 308 1499 instituit,
333 1413 489 1485 mandare
507 1410 564 1500 se,
580 1409 726 1500 dixerit,
750 1411 889 1506 Angelis
903 1412 1073 1506 Paradist,
1100 1430 1257 1509 quatenns
1270 1411 1327 1483 nni·

133 1536 218 1588 naam
235 1509 344 1594 iilius,
370 1508 431 1602 qni
447 1508 484 1580 in
498 1505 551 1579 via
569 1507 735 1596 moritur,
760 1533 782 1580 n
795 1514 985 1601 purgatorio
996 1513 1130 1603 penitus
1146 1506 1322 1604 obscurae,

132 1614 167 1680 in
181 1601 326 1700 pnrndifi
339 1603 479 1697 gloriam
495 1603 713 1677 introducant.
731 1601 853 1675 Exstat
869 1607 905 1675 in
917 1605 1005 1678 Vita
1020 1605 1117 1680 inn
1135 1600 1320 1687 Clementia,

134 1721 257 1778 autore
281 1700 489 1786 Herentals,
517 1698 574 1770 sed
593 1696 739 1793 spuriam
756 1695 824 1769 esse
843 1696 1014 1794 disputat,
1042 1721 1116 1773 non
1132 1700 1222 1773 adeo
1236 1698 1323 1783 nale,

134 1797 293 1874 Baloziun
315 1794 355 1866 ad
378 1794 463 1866 vitas
486 1793 652 1887 Paparurn
677 1791 853 1866 Aveoion.
882 1812 908 1867 t.
937 1794 968 1868 1.
993 1820 1026 1890 p.
1053 1801 1143 1884 916.
1175 1795 1250 1868 Hic
1270 1789 1324 1887 ipit

136 1886 381 1976 nihilominus,
400 1888 436 1961 iu
455 1886 586 1980 signum
602 1885 816 1962 lallibilitatia
833 1890 929 1979 suae,
947 1891 1056 1963 morti
1072 1890 1271 1984 proximus,
1283 1908 1323 1960 re·

134 1990 302 2163 {ocavilts
326 1984 425 2056 edito
441 1982 629 2078 diplomate
644 2006 673 2058 a
696 2005 824 2079 135¹o
846 1981 950 2079 βψω
969 1988 1002 2061 in
1018 2010 1054 2060 re
1067 1982 1216 2082 trraffet.
1254 1978 1322 2062 Vid.

177 2107 264 2160 ana
302 2103 360 2151 .a.
386 2102 400 2152 1
431 2101 490 2169 52.

184 2111 218 2278 ly.
242 2103 434 2253 CCCXVi.
460 2175 664 2250 innocentius
706 2175 803 2263 VL,
835 2192 938 2249 antea
975 2175 1178 2271 Stephanus
1211 2169 1327 2251 Alieni

136 2277 275 2362 Gallus,
301 2272 359 2365 qui
376 2275 418 2344 ab
436 2295 466 2344 a·
487 2293 590 2362 1352.
614 2272 702 2344 ada.
727 2278 832 2362 1362.
858 2270 967 2358 sedit,
994 2264 1326 2369 praeterquamquod

131 2373 251 2464 inepta
267 2366 455 2439 instituerit
470 2366 576 2453 felia,
595 2388 649 2436 ex.
668 2388 719 2458 gr.
738 2369 870 2436 lanceae
888 2366 1060 2461 Longini,
1080 2370 1326 2456 crucia,clavo·

131 2487 230 2573 rum,
249 2479 399 2532 coronae
414 2458 658 2553 spineae,cum
676 2459 879 2568 plenillrmis
893 2460 1238 2571 indulgentiis,apud
1256 2464 1326 2535 azo·

132 2579 286 2732 lili
307 2574 440 2754 lege,
458 2550 1059 2744 llllellelllzlllllz
1082 2560 1325 2750 lllllllill

136 2753 212 2848 ejus
241 2749 278 2820 in
312 2745 541 2816 Concrlrorum
570 2744 673 2814 tomis
703 2744 901 2839 supersunt,
927 2747 1016 2819 haud
1041 2770 1149 2821 unum
1172 2752 1267 2824 dedit
1288 2745 1326 2820 iu·

127 2865 278 2946 ,premae
312 2835 489 2934 potestatis
512 2837 548 2910 in
574 2835 757 2928 seculares,
788 2859 824 2912 et
850 2841 1040 2937 tyrannidis
1063 2844 1325 2930 Eccleliastiene,

132 2942 325 3039 specimen.
344 2936 484 3007 Carolus
502 2935 568 3007 lV.
584 2934 788 3029 inperialem
805 2959 970 3009 coronam
982 2939 1044 3022 ,ad
1056 2941 1327 3047 quamaccipien·

130 3040 210 3111 dam
236 3034 386 3105 Romam
412 3028 579 3114 tetendit,
606 3030 673 3102 hac
688 3033 896 3105 conditione
914 3034 955 3104 ab
973 3032 1152 3107 Hostrensr
1168 3031 1325 3112 cardinale

131 3127 339 3205 consecutus
354 3123 427 3212 est,
454 3123 538 3217 juiiu
553 3124 685 3218 Papae,
712 3146 749 3198 ut
767 3151 851 3200 mox
872 3129 1003 3200 ltaliam
1022 3128 1223 3224 desereret,
1250 3152 1324 3206 eam·

133 3249 204 3323 que
229 3242 425 3317 nunquam,
456 3219 518 3292 nist
536 3241 553 3291 a
571 3219 678 3310 Papa,
705 3221 821 3295 italiae
843 3223 1019 3306 Domino,
1044 3244 1214 3316 vocatur,
1240 3243 1321 3323 repe

132 3337 246 3407 teret,
271 3336 474 3412 praeterea,
501 3316 534 3388 se
558 3315 669 3408 Papae
694 3317 865 3391 voluntati
892 3319 1055 3404 omnibus
1077 3322 1265 3414 pariturum
1287 3315 1324 3393 vi·

132 3421 229 3491 ribus
261 3412 494 3506 promitteret.
552 3409 662 3499 Vid,
694 3433 833 3504 praeter
862 3415 1101 3499 Aventinum,
1138 3408 1321 3493 innocentii

133 3514 276 3586 litterae
301 3510 394 3602 apud
419 3504 588 3578 Bzovium
607 3524 644 3576 et
662 3505 890 3604 Rayoaldum.
923 3509 1140 3604 Johannem,
1168 3515 1322 3588 Gallorum

131 3608 298 3701 Regem,
324 3602 449 3675 litteris
481 3598 696 3696 objurgavit,
723 3607 838 3697 quod,
863 3627 1047 3699 premente
1079 3606 1165 3678 licet
1200 3603 1323 3684 neeeffi·

131 3722 224 3787 tate,
251 3699 353 3769 Clero
381 3696 561 3768 Gallicano
587 3696 801 3771 decimarum
826 3702 927 3772 unius
952 3701 1031 3773 anni
1060 3701 1263 3778 solutione·
1287 3703 1323 3777 in·

160 3791 321 3878 oiuiiiet3
350 3808 388 3863 ut
411 3788 554 3896 epiilola
579 3790 652 3878 ejus
677 3792 782 3865 habet
804 3794 895 3888 apud
920 3796 1156 3892 Rayoaldum‚
1183 3825 1214 3876 a.
1238 3799 1327 3896 1356.

133 3825 383 3972 {udovicum
421 3883 561 3956 siciliae
592 3886 756 3979 Regem,
791 3891 1039 3979 anathemate,
1073 3898 1118 3965 ob
1152 3897 1328 3992 negleelan

134 3992 256 4067 cenius
272 3981 497 4067 solutionem,
522 3976 728 4091 obstrinxit,
745 3982 853 4074 ,Duos
869 3984 1050 4072 Minores,
1078 3988 1281 4083 opinionem
1297 3991 1329 4065 de

134 4084 288 4166 absoluta
319 4094 524 4179 paupertate
548 4075 847 4174 pollicemini,
876 4079 994 4180 euriae
1026 4081 1169 4163 seculari
1198 4087 1333 4164 tradidit

1243 4200 1334 4258 cum·
