3022 4806
131 631 202 715 372
520 603 673 704 nistnn
694 600 822 702 EctItJ.
849 599 967 700 sitris.

138 783 399 883 Beguardorum
424 801 459 858 ct
482 784 711 880 Beguinarum
740 803 895 872 errores,
938 798 977 855 ut
1001 802 1047 854 eu
1074 767 1299 883 clementina
1325 769 1374 843 nd

142 886 305 977 nclitum,
330 882 385 955 tit.
406 882 449 952 de
470 881 676 967 haereticis,
701 878 847 953 constat.
898 899 934 967 5.
963 879 1126 970 Denique
1144 892 1261 944 variae
1280 889 1370 975 cun·

144 976 339 1054 stitutiones
364 977 626 1064 clementinae,
651 979 693 1048 ad
711 973 929 1068 disciplinam
953 971 1165 1068 spedautes,
1190 988 1264 1037 non
1290 983 1369 1055 qut·

145 1074 288 1148 demin
313 1071 466 1144 concilio
490 1074 566 1146 lunt
591 1073 731 1158 editae,
764 1075 849 1142 licet
875 1074 987 1165 Papa,
1028 1067 1064 1139 se
1094 1087 1149 1136 eas
1167 1064 1269 1167 sarto
1287 1080 1369 1165 ,con-

148 1171 220 1247 cilio
248 1168 443 1261 adprobante
462 1170 658 1261 publicare,
692 1168 807 1255 dicat,
841 1166 897 1238 scd
923 1190 941 1236 a
967 1165 1167 1249 Clemente,
1199 1178 1259 1229 cur
1285 1150 1372 1226 illud

149 1266 367 1339 commiserat
397 1265 581 1356 synodus,
611 1259 698 1336 teste
732 1266 952 1333 continuatore
978 1253 1122 1350 Naugii.
1171 1260 1204 1328 ό.
1232 1247 1373 1360 Postre-

151 1383 231 1448 mo,
263 1378 302 1429 ut
326 1357 443 1451 paliim
470 1381 633 1450 putatur,
664 1357 833 1432 Bonisacii
863 1358 965 1431 VIII.
998 1349 1167 1427 memoria
1190 1348 1375 1455 vindicate

153 1452 224 1541 est,
248 1450 389 1548 ipseque
415 1451 528 1525 ordini
552 1455 814 1526 Catholicorum
839 1451 1051 1526 Pontificum
1076 1445 1257 1531 insertus,
1282 1446 1374 1516 hcet

151 1546 227 1623 atla
243 1548 317 1641 ejus
342 1546 379 1620 in
404 1549 625 1646 Philippum,
653 1567 690 1619 et
715 1548 818 1639 alios,
845 1549 913 1622 lint
933 1541 1081 1620 rescissa.
1132 1541 1206 1615 Sed
1227 1539 1274 1613 de
1301 1559 1375 1635 quo

151 1642 190 1721 in
216 1644 292 1717 vita
316 1644 505 1719 Clementis
530 1648 579 1722 V.
602 1644 677 1742 egi.

555 1837 684 1913 VITA
707 1838 777 1910 ET
799 1835 989 1912 MORES.

200 2024 235 2125 s.
258 2025 520 2103 CCCXXVIII.
562 2031 604 2104 In
638 2029 829 2105 Monastici
869 2024 1013 2103 Ordinis
1041 2019 1179 2096 historia
1218 2017 1378 2094 nostram

157 2144 243 2196 ante
267 2124 384 2197 omnia
414 2145 568 2199 merctur
593 2125 830 2201 adtentionem
864 2123 1072 2214 stupendum
1104 2118 1186 2190 illud
1218 2116 1370 2212 Teurpla·

157 2221 277 2293 riorum
301 2219 498 2310 excidium,
531 2245 609 2295 cum
638 2224 783 2296 Ordinis
815 2219 913 2297 totali
935 2217 1147 2301 abolitione,
1179 2215 1281 2308 cujus
1306 2212 1375 2284 lin-

158 2314 286 2409 gularis
316 2319 413 2386 casus
449 2317 613 2389 tradenda
644 2317 693 2388 est
726 2317 832 2410 paulo>
858 2315 1055 2389 adcuratior
1086 2309 1227 2383 notitia.
1283 2310 1371 2380 Tra·

156 2403 317 2504 goediam
344 2407 469 2478 hauca
494 2410 654 2505 Philippo
672 2411 839 2499 Pulchro,
868 2410 999 2485 Galliae
1026 2409 1148 2497 Rege,
1177 2402 1371 2497 incepisse,
1433 2472 1439 2486 ,

158 2500 299 2594 ejusque
319 2498 409 2590 jullu
434 2521 470 2573 et
493 2525 618 2593 opera,
663 2525 732 2575 uuo
755 2506 948 2604 eodemque
982 2504 1055 2590 die,
1095 2501 1178 2573 imo-
1200 2498 1284 2594 quast
1296 2495 1363 2592 sud

159 2593 299 2693 ejusdem
328 2595 421 2664 horor
446 2615 601 2670 transnanto
628 2623 656 2671 a.
687 2622 815 2693 1307„
849 2604 909 2674 die
935 2597 1107 2685 Veneris,
1144 2597 1247 2667 tertio
1280 2595 1361 2663 Idus

164 2685 349 2779 Ostobris,
389 2713 511 2764 omnes
546 2717 609 2788 per
648 2713 755 2767 totam
789 2698 972 2770 Francism
1003 2680 1228 2787 Templar'ios
1263 2689 1368 2763 luissev

161 2807 304 2885 captos,
345 2802 382 2859 et
413 2787 450 2861 in
482 2810 635 2862 carceres
664 2790 873 2884 conjeclos,
913 2811 950 2862 ut
992 2808 1105 2862 narrat
1138 2787 1370 2859 continuator

162 2881 321 2978 Nangii,
347 2907 465 2956 omnes
489 2884 626 2980 quidem
648 2884 813 2959 testantur
837 2884 1013 2973 historici,
1040 2883 1095 2956 sed
1115 2881 1160 2953 de
1186 2881 1372 2955 occasione

161 3001 200 3054 et
224 2978 320 3051 causa
345 2996 415 3053 tam
444 2980 590 3054 inauditi
616 2981 710 3055 casus
728 2986 823 3055 inter
848 3005 909 3054 eos
930 3003 999 3054 non
1022 2976 1204 3051 convenit.
1260 2979 1373 3066 Sunt,

162 3074 202 3150 ut
227 3072 405 3169 Johannes
430 3074 579 3164 Villani,
607 3079 823 3166 Antoninus,
850 3098 887 3149 et
913 3094 1010 3152 autor
1038 3074 1206 3147 Chronici
1223 3074 1370 3148 Hirsau·

190 3166 309 3255 ienlis,
335 3190 380 3241 ex
407 3168 622 3246 Bibliotheca
647 3177 680 3246 S.
709 3172 797 3247 Galli
816 3175 967 3268 vulgati,
994 3170 1050 3266 qui
1074 3167 1207 3241 causam
1231 3193 1251 3240 a
1279 3172 1372 3242 duo·

162 3195 225 3341 sus
250 3261 385 3336 Ordinis
408 3263 512 3356 vitis,
537 3271 582 3341 ob
606 3270 730 3342 scelera
751 3268 785 3342 in
807 3271 942 3345 vincula
966 3264 1156 3361 conjectis,
1181 3284 1374 3358 repetuntt

164 3361 214 3438 illi
237 3357 352 3451 enim,
375 3378 412 3432 ut
431 3360 542 3458 Regis
561 3365 703 3461 gratiam
720 3382 987 3459 aucuparentur,
1012 3386 1048 3433 et
1062 3360 1217 3433 libertati
1242 3363 1369 3433 redde·

162 3474 311 3543 rentur,
351 3456 523 3531 horrenda
561 3465 605 3532 de
632 3461 763 3532 Ordine
796 3460 938 3535 crimina
972 3456 1065 3553 Regi
1104 3456 1375 3552 significassent:

164 3574 312 3648 quorum
347 3554 436 3626 alter
472 3574 679 3628 memoratur
726 3556 823 3629 Prior
872 3555 1155 3628 Montissalconis
1205 3553 1242 3625 in
1287 3576 1396 3651 agro.

165 3646 362 3730 Tolosano,
402 3651 445 3720 ab
479 3649 560 3739 ipso
588 3653 732 3724 Ordinis
758 3651 931 3746 Magistro
961 3668 1129 3742 perpetuo
1162 3648 1301 3721 carceri
1328 3654 1377 3723 oh

164 3745 293 3824 scelera
322 3742 561 3834 mancipatus,
587 3747 672 3816 alter
695 3745 844 3833 Noffus,
885 3746 999 3837 patria
1023 3744 1261 3833 Florentium,
1301 3743 1378 3821 sive

166 3846 209 3920 ab
233 3837 358 3914 eodem
383 3835 571 3931 Magistro,
597 3859 634 3909 ut
658 3842 858 3914 Chronicon
882 3842 1027 3914 citatum
1054 3842 1176 3924 habet,
1212 3842 1310 3931 live,
1337 3865 1380 3918 uc

165 3936 243 4029 alii,
282 3956 302 4007 a
335 3933 497 4005 Praetore
526 3933 701 4050 Parifierpli
734 3934 770 4007 in
802 3957 977 4008 carcerem
1011 3937 1056 4009 ob
1090 3936 1214 4009 scelera
1249 3939 1381 4026 trusus,

165 4034 241 4113 Sed
265 4033 463 4110 continuator
494 4027 631 4126 Naugii
665 4053 703 4106 m
728 4053 858 4127 genere
892 4030 995 4120 tradit
1003 4085 1015 4123 ,
1055 4032 1169 4107 dudum
1202 4033 1246 4105 ad
1266 4033 1381 4129 Regis

1283 4153 1386 4209 Wes-
