3022 4806
651 109 752 182 Strzn'.
784 114 889 182 llll.
1293 125 1358 195 :37

140 327 191 350 ·-
215 324 265 340 —
291 321 342 338 --
370 290 446 359 Cum
473 295 551 359 enirn
578 312 664 358 nuuc
692 295 837 362 inuniunt
863 293 1024 383 dtjgntt,
1052 323 1102 337 -ν
1135 321 1187 334 -·
1219 317 1270 331 ···
1302 316 1355 329 -

136 409 195 482 per
222 389 301 472 dot,
330 389 410 476 quod
438 387 557 458 Petrus
583 398 626 478 se
660 390 747 478 rnrsit
774 390 808 457 in
833 409 941 474 mere,
962 386 1168 478 privilegium
1200 376 1352 472 eupreffit

139 482 311 578 Pontificii
330 476 527 574 fingulnris,
558 497 618 572 per
641 488 721 573 quod
745 480 927 576 universum
952 485 1057 554 orbern
1071 478 1265 576 susceperat
1286 496 1351 565 gn·

132 580 339 659 'seruandum
362 595 433 650 etc.
481 577 564 676 Quo
597 579 699 649 etiam
723 598 807 650 rnox
827 579 996 664 trahitur,
1020 585 1114 671 qnod
1131 575 1233 666 super
1248 591 1350 662 eques

140 676 243 750 noris
276 670 481 756 mirabiliter
512 671 768 760 ambulaverat,
811 672 855 749 ad
890 670 1059 765 Christum
1093 680 1241 743 tendens
1280 688 1352 742 etc.

143 788 176 843 2.
202 765 492 841 infallibilitatem
520 769 557 840 in
585 770 687 840 rebus
710 765 793 841 fidei
821 790 888 844 nec
913 767 976 841 sibi
997 768 1111 862 Papae
1137 764 1351 854 sumserunt,

138 878 210 963 {nec
233 863 294 936 alii
320 859 401 956 ipsit
433 863 638 937 tribuerunt.
687 864 745 936 De
778 865 988 944 Innocentio
1025 865 1090 936 lll.
1123 863 1223 954 supra
1257 860 1351 932 vidi·

144 983 228 1033 mus.
279 955 451 1031 Totidem
480 959 596 1032 verbis
622 957 703 1031 illud
732 957 835 1030 fassus
868 956 916 1030 est
948 957 1176 1031 Innocentius
1210 957 1278 1031 IV.
1312 958 1350 1030 in

149 1053 404 1129 commentario
437 1057 480 1127 ad
521 1077 545 1145 5
585 1056 691 1127 libros
717 1055 1009 1143 ,Decretalium,
1052 1055 1112 1126 ubi
1150 1053 1243 1124 inter
1284 1057 1351 1128 alia

137 1151 270 1235 docet,
304 1147 465 1222 Ponti-fici
491 1172 562 1222 non
587 1148 656 1222 esse
682 1148 936 1239 obediendum,
969 1147 992 1220 sr
1018 1149 1091 1243 ejus
1114 1147 1269 1221 mandata
1294 1152 1357 1227 vel

133 1245 321 1338 ‘baeretica
347 1240 431 1332 sint,
462 1246 518 1317 vel
543 1242 733 1317 Ecclesiam
761 1250 920 1335 turbent,
953 1246 1050 1340 pnss‘e
1079 1243 1170 1315 enim
1201 1266 1281 1316 eum
1316 1246 1355 1319 in

143 1343 248 1415 rebus
272 1338 356 1412 fidei
380 1359 493 1412 errare
516 1359 586 1420 etc.
637 1341 761 1415 Deleta
786 1343 928 1435 quidem
953 1347 1092 1415 suntea
1115 1341 1220 1413 verba
1246 1340 1283 1410 in
1298 1360 1353 1412 re·

139 1437 365 1510 certioribus
388 1437 606 1508 commentarii
630 1437 861 1526 editionibus,
894 1437 952 1511 sed
988 1437 1025 1510 in
1062 1435 1184 1508 Indice
1217 1434 1354 1507 mansee

135 1553 248 1608 xunt:
275 1533 327 1605 uti
353 1552 453 1603 autor
470 1555 681 1628 anonymus,
712 1532 749 1605 in
775 1533 923 1605 traslatu
949 1532 1085 1606 Gallico
1102 1532 1146 1603 de
1167 1532 1353 1603 autoritate

130 1632 313 1723 luporum
334 1644 420 1705 torn.
447 1628 475 1700 Ι.
501 1627 714 1701 observavit.
765 1627 931 1699 Attamen
956 1649 1026 1698 non
1049 1625 1262 1714 defuerunt,
1291 1625 1353 1721 qui

136 1725 219 1799 {edi
245 1725 369 1819 Papan
391 1721 671 1796 infallibilitatem
708 1719 860 1793 tribuisse
901 1722 1076 1794 videntur.
1128 1720 1250 1814 Qualis
1283 1721 1354 1796 fuir

142 1821 341 1894 (inibertus
359 1817 612 1905 Tornacensrs,
639 1814 775 1891 ordinis
790 1817 998 1907 Minorum,
1022 1816 1059 1890 in
1078 1816 1225 1890 tradiatu
1241 1818 1278 1889 dt
1301 1815 1353 1908 of·

120 1916 227 2005 ,ficio
241 1916 307 2008 Epi
325 1918 415 2007 copi,
431 1931 463 1985 et
480 1916 667 1988 ceremoniis
683 1912 854 1988 Ecclesiae
869 1936 946 2008 cap.
960 1936 979 2006 3
985 1937 1018 2003 5.
1036 1912 1073 1986 in
1090 1910 1242 1986 BiblM.
1259 1915 1353 1989 Patr.

142 2028 187 2085 t.
207 2012 271 2085 XX
314 2062 347 2098 .,
377 2006 437 2082 ribi
458 2007 554 2081 inter
575 2011 641 2083 alia
659 2008 765 2083 dicit:
779 2011 855 2107 solo
881 2006 1031 2083 Romano
1050 2005 1221 2102 Ecclefiu,
1255 2015 1355 2107 cujus

122 2107 231 2192 fidet
256 2110 289 2179 in
320 2105 411 2176 nulla
436 2109 609 2177 tentatione
634 2101 775 2197 defecit,
810 2123 846 2179 ut
864 2123 937 2199 pote
961 2105 1222 2202 super.·Potrenr
1237 2104 1356 2271 sindi-

139 2200 215 2274 laern
233 2200 392 2292 solidato,
415 2201 509 2271 nullis
527 2199 728 2294 leerestdus,
748 2205 845 2274 nullis
863 2206 1039 2288 erroribus,
1055 2201 1177 2295 potest,
1198 2225 1234 2275 ve
1261 2219 1358 2296 potu·

141 2296 205 2388 it,
221 2299 392 2390 velpoterit
410 2300 581 2390 inquinari.
606 2296 714 2369 Addit
731 2318 833 2386 mort,
852 2295 959 2369 solum
975 2300 1113 2370 Petrum
1133 2313 1277 2370 vocaturn
1295 2296 1357 2390 effe

145 2415 187 2464 α
209 2391 327 2488 Clrriflo
355 2393 388 2461 in
411 2394 639 2483 plenitudinem
666 2390 861 2488 potestatis,
897 2416 966 2465 curn
991 2416 1096 2465 ornnes
1120 2394 1181 2464 ulii
1213 2395 1247 2473 in
1274 2412 1358 2487 por·

148 2498 221 2563 tem
232 2488 470 2587 sollicitudinis
487 2488 570 2583 sunt
597 2492 715 2562 vocati.
765 2486 885 2586 Quid?
916 2491 1008 2582 quod
1033 2487 1105 2584 ipse
1130 2487 1358 2561 Innocentius

144 2573 221 2661 111.
254 2607 317 2682 ep,
338 2603 422 2674 209.
447 2583 470 2655 1.
496 2585 543 2657 11.
567 2583 686 2657 verbis
717 2583 845 2658 Christi
880 2585 929 2657 ad
956 2585 1122 2672 Petrum,
1153 2606 1211 2677 ego
1242 2603 1298 2678 pro
1324 2601 1358 2656 te

150 2685 289 2776 rogavi,
318 2699 357 2751 ne
381 2675 513 2772 deficiat
525 2680 611 2777 fides
638 2695 696 2751 tua
721 2697 812 2770 etc,
843 2677 981 2770 citatis,
1003 2674 1208 2774 itapergit:
1240 2704 1281 2751 en·
1302 2682 1360 2753 loe

148 2771 286 2851 innuens
311 2773 505 2870 menffeste,
530 2776 608 2871 quod
621 2772 818 2869 succeffores
843 2773 940 2869 ipſsus
962 2801 984 2847 n
999 2776 1068 2868 fide
1088 2776 1254 2850 Cotlrolica
1271 2780 1358 2848 nullo

154 2891 294 2969 unquam
319 2892 457 2968 tempore
488 2873 655 2945 deviarent
688 2893 757 2944 etc.
809 2870 1037 2945 Contulerunt
1070 2895 1103 2962 3.
1138 2872 1282 2943 multum
1317 2871 1361 2944 ad
1415 2916 1419 2922 ,

158 2971 384 3042 autoritatem
415 2968 574 3060 Papalem
609 2965 841 3039 extollendam
882 2964 1113 3064 Sclrnlaslici,
1156 2968 1194 3037 in
1239 2965 1364 3060 primis

165 3059 290 3139 'sumas
312 3060 489 3159 Aquinas,
515 3061 633 3136 multis
656 3059 754 3152 fiilis·
775 3082 817 3133 ex
845 3062 978 3156 Cynllo
1010 3060 1248 3134 Alexandrino
1281 3086 1362 3157 pro·

167 3158 290 3248 dusiis,
324 3180 365 3232 ut
397 3156 572 3231 launoius
606 3175 645 3229 et
674 3154 849 3253 Dupinius
877 3152 1077 3247 agnoscunt.
1126 3155 1192 3229 Sed
1221 3181 1256 3247 4.
1290 3181 1365 3233 non

173 3254 365 3344 defuerunt,
389 3250 449 3350 qui
470 3250 730 3349 ingravescenti
756 3254 920 3347 Paparurn
944 3251 1125 3326 autoritati
1150 3252 1221 3325 sese
1247 3277 1363 3349 oppo-

178 3351 325 3440 suerunt,
344 3367 400 3438 ut,
419 3345 514 3420 inter
529 3348 631 3440 alios,
649 3371 694 3422 ex
710 3349 888 3441 Regibus,
903 3346 938 3420 in
956 3345 1079 3445 primis
1094 3341 1366 3435 Frederi'cusll.,

180 3444 402 3543 etl’bilippus
424 3443 595 3530 Pulcher,
627 3444 812 3518 Galliarum
848 3444 945 3518 Rex:
980 3465 1019 3519 ut
1053 3468 1099 3518 ex
1132 3448 1232 3539 supra
1263 3440 1367 3513 dieti·

183 3536 310 3620 solbat.
354 3538 435 3638 lpse
454 3538 658 3619 Ludovicut
679 3541 745 3708 12&
753 3593 765 3627 ,
798 3537 1005 3616 Sandlorum
1030 3541 1195 3637 catalogo
1218 3561 1238 3612 u
1260 3535 1369 3705 Boni-

755 3657 818 3731 gg
1301 3651 1380 3712 aeto

1426 3746 1477 4072 s
