3022 4806
1053 428 1058 437 ι

1279 594 1352 691 tit

135 768 287 851 ferrent.
343 757 507 856 Denique
543 752 613 866 lese
644 755 852 855 Regnorum
880 762 987 838 caulis
1014 756 1202 843 inmiscuit.
1250 767 1348 841 Mar·

131 868 248 957 uiniae,
272 861 483 939 Haunianae
503 853 613 943 filrur,
640 855 723 927 Rex
744 855 996 954 Hungarorurn
1012 861 1158 953 eleiiur,
1183 879 1222 937 et
1239 884 1258 939 a
1276 863 1349 936 Ge.

131 962 242 1061 negiu
275 952 506 1035 Pudiebracin
528 950 565 1023 in
590 970 729 1024 carcere
753 952 933 1043 detentor,
961 978 1031 1053 ope
1055 956 1130 1052 ejue
1154 955 1204 1033 est
1226 959 1352 1031 libera·

132 1078 215 1147 auu,
237 1074 277 1127 et
299 1071 447 1148 regnum
472 1046 662 1142 capeffivit.
711 1044 903 1125 Graviores
928 1050 964 1124 ei
988 1050 1133 1126 fuerunt
1165 1052 1246 1127 liter
1269 1074 1348 1128 curn

130 1150 378 1237 Ferdioando,
394 1144 469 1218 filio
487 1143 599 1217 notho
617 1139 771 1231 ntfonfi,
789 1144 1128 1242 Regierlrragonum
1145 1166 1180 1223 et
1197 1148 1345 1226 Siciliae.

131 1250 231 1345 Papa
263 1249 358 1320 enirn
392 1238 528 1348 Allonli
554 1236 683 1310 mortui
713 1258 884 1333 regnum,
918 1260 1078 1338 tanquam
1110 1241 1252 1319 feudum
1279 1244 1348 1320 Ec·

129 1342 279 1433 clesrae,
304 1342 345 1415 ad
371 1336 406 1409 se
431 1355 609 1431 pertinere
633 1336 842 1422 contendit,
869 1335 959 1411 teste
976 1338 1162 1415 Antonino
1180 1342 1217 1415 in
1234 1342 1348 1415 Cltrn.

130 1442 245 1529 nico,
278 1455 317 1511 et
346 1436 385 1508 in
417 1450 583 1525 nepotem
616 1426 713 1500 suurn
734 1429 896 1503 conferre
918 1433 1042 1508 voluit.
1089 1436 1347 1513 Ferdioandutn

129 1556 245 1624 veo,
276 1531 336 1629 qui
362 1525 446 1601 illud
470 1523 689 1598 haereditarie
716 1522 824 1607 titulo.
841 1529 939 1601 adire
962 1530 1120 1620 volebat,
1145 1533 1262 1627 Papa,
1286 1533 1343 1608 in·

131 1647 275 1715 tentato
302 1624 543 1711 anatnenate,
569 1619 710 1718 repulit.
760 1621 828 1693 Sed
852 1622 1091 1699 Ferdinanduc
1109 1626 1200 1715 sese,
1226 1628 1345 1721 Euge·

130 1727 188 1805 nii
212 1724 284 1799 tv.
310 1720 418 1807 bulla,
445 1738 513 1813 qua
533 1716 746 1823 legitimatus
768 1736 863 1806 erat,
887 1722 1040 1812 prolata,
1066 1719 1243 1808 defendit,
1269 1724 1344 1797 Re·

130 1842 288 1923 pemque
314 1813 428 1902 dixit,
459 1828 494 1881 et
516 1811 557 1884 ad
586 1809 772 1885 universale
795 1812 981 1888 concilium
1008 1815 1202 1909 adpellavit.
1255 1816 1342 1893 Vid.

129 1913 332 1999 Antoninus
361 1913 398 1984 in
421 1906 619 2014 ‘Chronico
666 1902 862 2014 Defunttur
886 1908 938 1983 est
962 1934 993 1985 a.
1021 1920 1127 2000 1458.
1159 1912 1341 1986 Notantur

130 2020 174 2095 itt
206 2014 286 2108 ipso
317 2022 501 2103 praecipue
533 2000 620 2075 vitia
650 2000 853 2078 ambitionis
880 2024 918 2076 et
950 2008 1129 2083 avaritiae.
1180 2007 1355 2100 Reliquit.

130 2110 288 2189 moriens
307 2124 376 2191 1¹5
394 2099 496 2168 millia
514 2120 675 2171 nummum
691 2117 876 2186 aureorum,
903 2098 940 2171 in
961 2098 1056 2188 usus,
1082 2121 1119 2175 ut
1135 2105 1356 2197 praetendo.

131 2202 217 2295 bat,
239 2198 320 2275 belli
343 2196 448 2283 lacti,
483 2192 569 2265 teste
593 2194 749 2265 Platinar
769 2191 946 2286 Nepotes
968 2216 1106 2291 quoque
1130 2216 1343 2293 promovere

129 2302 170 2379 in
193 2293 312 2397 primic
334 2287 556 2364 adlaboravit.
603 2285 798 2360 Secundum
815 2286 1008 2363 Pontanurn
1026 2314 1132 2381 vero,
1158 2293 1194 2364 in
1209 2289 1353 2384 lilioria·

131 2386 214 2479 belli
227 2387 457 2483 Neapolitani,
475 2383 560 2473 fuit,
577 2379 677 2478 flato
686 2380 777 2477 fide,
794 2389 960 2477 pertinace
978 2389 1126 2481 ingenio,
1150 2391 1252 2462 variis
1268 2412 1343 2465 coo-

125 2496 241 2595 filiir‚
265 2505 303 2559 et
322 2482 497 2578 praecipiti
520 2482 708 2551 molitione.

181 2586 219 2687 ς.
242 2577 436 2659 ccccxi.
469 2572 623 2668 Excepit
656 2572 769 2669 ipsum
801 2574 950 2650 AEneat
988 2575 1126 2673 Sylvius
1152 2574 1342 2656 Picolomi·

133 2704 261 2769 mene,
299 2673 414 2750 dietus
458 2672 539 2747 Pius
573 2669 649 2759 11.,
695 2670 755 2768 qui
790 2671 953 2766 exemplo
987 2669 1046 2745 sun
1089 2673 1340 2765 confirmavit,

159 2794 299 2853 nantatn
330 2766 439 2843 anirni
468 2762 703 2839 mutationem
728 2763 860 2839 adferat
880 2765 971 2839 vitae
993 2785 1030 2839 et
1051 2769 1207 2840 muneris
1232 2769 1338 2845 ratio.

131 2806 237 2953 itane
268 2868 375 2960 magis
407 2862 633 2949 laboraverat,
663 2878 703 2934 ut
733 2862 848 2933 verbio
880 2858 1061 2934 Mezeraei
1092 2860 1135 2935 ad
1168 2881 1200 2934 a.
1228 2870 1334 2951 1461.
1399 2908 1404 2914 -

132 2992 238 3062 utar,
266 2960 460 3040 reducendae
490 2959 656 3052 Papotum
681 2953 837 3050 potaliati
867 2954 953 3027 inter
979 2957 1130 3029 terminos
1163 2978 1337 3048 cononum,

130 3092 231 3171 poam
253 3060 398 3136 AEneoe
423 3054 576 3147 Sylvius,
601 3067 632 3125 et
659 3075 748 3125 nemu
770 3056 856 3125 inter
878 3050 993 3144 Papae
1013 3056 1119 3146 magis
1133 3049 1264 3148 solicite
1288 3056 1338 3126 la·-

131 3162 282 3246 anone,
314 3169 349 3226 ut
374 3152 505 3224 tondant
524 3145 715 3242 potestaten
738 3147 826 3220 uitro
845 3148 936 3244 juris
958 3162 993 3218 tt
1015 3151 1151 3221 rationis
1175 3152 1280 3222 omnir
1297 3153 1341 3223 li·

131 3266 231 3341 nitet
258 3252 462 3335 extenderet,
485 3242 678 3339 quemfecit
693 3244 786 3318 Pius.
832 3248 931 3315 Ante
946 3241 1190 3315 Pontificatum
1207 3247 1337 3320 mouit

133 3368 362 3435 communem
388 3341 601 3435 adplausum,
635 3355 673 3411 et
702 3356 825 3413 contra
849 3335 1056 3410 illimitatam
1080 3340 1246 3433 Paparum
1272 3364 1339 3437 po·

132 3448 297 3527 testatem
324 3436 509 3524 militavit,
541 3431 690 3540 urfitque
716 3431 967 3530 adpellationea
993 3434 1127 3529 uPapa
1151 3431 1192 3506 ad
1217 3436 1341 3511 conci·

132 3551 243 3631 lium,
267 3535 385 3615 curiae
407 3533 587 3607 Romanae
610 3531 697 3601 vitra
720 3525 945 3625 perstrinxit,
968 3526 1225 3602 reformationis
1247 3554 1339 3629 opor

131 3654 343 3761 promovere
375 3629 577 3717 contendit,
609 3619 715 3700 scriba
742 3624 809 3699 fuit
832 3624 871 3699 in
895 3622 1049 3697 concilio
1074 3624 1276 3718 Balileenfi,
1299 3652 1338 3704 e·

128 3740 259 3842 jusque
282 3730 415 3814 anima,
447 3723 543 3817 cuiun
565 3718 672 3794 etiam
696 3720 841 3795 numine
867 3721 979 3793 rtatim
1004 3719 1095 3795 obiit
1117 3722 1151 3794 le'
1176 3721 1335 3813 ationee,

130 3835 177 3913 ad
201 3833 277 3927 ejus
299 3826 520 3897 autoritatem
545 3835 583 3891 et
608 3816 749 3891 decreta
766 3815 918 3891 tutanda.
965 3816 1135 3913 Conscrip
1150 3838 1179 3893 tt
1196 3826 1347 3914 quoquo:

130 3934 214 4027 ejue
238 3919 417 3997 historiam
441 3915 520 3990 l'arie
546 3909 736 4006 diligenter
764 3929 801 3985 et
830 3910 1000 4000 fideliter,
1025 3915 1147 3987 doobm
1176 3914 1339 3987 Coronen·

126 4026 298 4109 tariorum
319 4018 445 4115 librit,
465 4011 508 4091 in.
521 4004 689 4114 fasciculo
709 4030 819 4108 (naor
839 4008 1007 4115 repetenda
1026 4026 1062 4088 tt
1070 4006 1228 4111 faginod.
1252 4008 1354 4091 Frena

134 4178 150 4205 .
258 4182 263 4191 .
643 4104 817 4231 ιιἰημι
1220 4098 1346 4196 dorico
1423 4154 1489 4534 Ι
