3022 4806
43 626 48 633 .
120 606 195 687 4¹4
500 561 650 665 historin
672 556 803 665 Etrlcs.
827 557 948 661 sitifi.
989 622 1001 635 .

129 757 239 843 oculis
263 746 456 835 irretortis,
495 741 744 839 suppresloque
764 739 887 838 spiritu
919 738 957 813 in
983 754 1066 817 e'ntn
1085 738 1207 819 locum
1232 738 1350 817 lutee

131 884 194 948 to,
226 857 342 928 donec
369 843 550 919 facultates
576 843 714 915 animae
741 837 793 913 ibi
817 838 1059 930 intuerentur,
1085 856 1124 913 ct
1147 830 1287 915 heddi
1313 854 1352 909 rt

133 954 262 1034 divino
302 940 432 1018 lumine
471 933 775 1034 perfunderentur.
840 932 907 1010 Cui
939 931 1206 1021 Munacltorurn
1239 928 1349 1008 sedite

132 1052 305 1144 originem
335 1037 480 1112 dederat
510 1032 579 1141 sec.
615 1033 679 1107 XL
714 1028 856 1104 Simeon
880 1027 1020 1126 aliquit,
1079 1028 1256 1115 raesesint
1275 1046 1346 1101 ulo·

136 1140 278 1224 nasterli
303 1138 338 1209 S.
362 1133 557 1206 Manantu
579 1128 616 1203 in
632 1128 846 1225 Xyiocerio,
870 1126 929 1199 seu
944 1053 1201 1223 circoiigneo,
1222 1118 1343 1203 crore

137 1248 184 1318 de
206 1260 278 1335 quo
299 1229 371 1304 vid.
396 1226 551 1319 Cangiur
573 1223 612 1299 in
638 1222 908 1321 Constantinopoli
933 1220 1122 1319 eleusium
1147 1224 1172 1296 Ι.
1197 1222 1228 1299 1.
1276 1216 1344 1295 Hic

136 1341 324 1414 simeona
352 1322 489 1395 Nuceta
521 1319 707 1409 Stethato,
731 1320 787 1392 seu
813 1318 1017 1409 Pediorato,
1060 1319 1137 1415 ejur
1159 1316 1249 1394 'disci
1329 1362 1342 1403 ,

1 1499 5 1507 .
139 1431 278 1525 aliisque
305 1414 470 1504 Graecis,
495 1415 591 1492 mirir
613 1413 792 1489 extollitur
819 1414 992 1502 laudibus,
1022 1434 1061 1489 et
1080 1412 1206 1511 junior
1266 1416 1343 1489 ltro·

140 1530 242 1624 lngus
266 1513 399 1590 eximie
420 1511 620 1607 adpellitur.
674 1511 763 1587 Vid.
786 1509 865 1581 Leo
890 1509 1036 1583 Allatiur
1057 1510 1105 1585 de
1128 1510 1344 1601 Sinurilm

168 1645 202 1695 ur
226 1612 332 1691 etiam
356 1608 676 1705 descriptisque,
719 1625 760 1679 nt
781 1607 1000 1679 orationibus
1028 1622 1070 1679 et
1093 1604 1257 1702 hymnis,
1284 1603 1345 1683 dt·

139 1644 242 1797 ierit.
291 1707 361 1785 Sed
385 1705 469 1780 dum
492 1703 633 1778 viveret
664 1706 703 1776 in
727 1699 955 1794 suspicionem
983 1700 1054 1796 jrm
1082 1700 1234 1779 incurrit
1259 1723 1345 1781 enn-

139 1836 240 1902 rum,
264 1813 369 1883 etiam
385 1803 422 1875 in
440 1820 615 1872 carcerem
633 1796 834 1893 conjediur,
856 1817 897 1869 et
912 1797 1023 1871 multa
1039 1795 1156 1893 pallor
1168 1794 1236 1875 est,
1280 1796 1346 1875 Ad·

142 1912 252 1991 seclae
283 1921 369 1975 vero
394 1895 467 1993 ejus
488 1895 654 2003 videntur
676 1890 754 2002 post
777 1890 890 1988 ipsum
913 1890 1080 1979 latitasse,
1106 1890 1347 2067 stst‘lffi

80 2041 85 2049 ·
144 2022 304 2084 montem
328 1994 449 2070 Athon
472 1988 620 2065 tenurffe
644 2008 803 2087 quietos,
828 1990 982 2063 doneca
1006 1988 1190 2065 nummo
1318 1990 1347 2079 ‘,

146 2125 190 2181 uc
210 2098 245 2174 in
270 2099 384 2170 lucem
409 2086 601 2187 protracii,
627 2087 697 2161 hoc
727 2084 858 2174 seculo,
898 2082 1024 2157 horum
1056 2106 1223 2163 motuum
1246 2086 1351 2165 nisu

147 2191 386 2303 praebuerint.
435 2184 625 2258 Barlaamus
652 2180 744 2255 enim
775 2181 842 2253 nm
864 2179 1029 2255 hominen
1050 2178 1265 2273 offendent,
1295 2202 1351 2259 nn·

148 2277 721 2462 llmllllllll‘liliilllflu
742 2273 943 2446 llelll'll’
969 2276 1352 2451 siddimi

150 2441 327 2578 poiiorer,
359 2467 594 2556 Massalianos,
626 2425 975 2562 Omphulopsychoi‚
1008 2398 1209 2568 omnisqui
1223 2468 1350 2569 generir

147 2571 338 2657 fanaticos,
365 2564 521 2659 inpetum
545 2561 667 2658 coepit
692 2561 819 2636 facere.
870 2563 1045 2637 Monacbi
1072 2588 1166 2640 vero
1181 2562 1348 2641 lnedrlo-

150 2667 331 2753 nicenses,
356 2659 529 2768 homines⁸
539 2658 709 2752 simplices
731 2677 769 2728 et
796 2658 921 2748 ruder,
953 2678 991 2732 ut
1013 2660 1185 2737 Barlaami
1205 2658 1353 2761 sp'ritnrn

148 2768 330 2849 sedarent,
370 2754 457 2830 nihil
483 2776 608 2826 murum
643 2772 705 2826 nur
730 2751 910 2826 absurdum
945 2755 979 2828 in
1004 2777 1051 2829 eo
1075 2756 1149 2833 effe
1172 2760 1355 2835 contende·

152 2883 255 2952 runt,
293 2852 387 2956 quod
418 2850 577 2927 divinum
609 2851 725 2923 lumen
755 2851 865 2923 oculir
895 2848 1073 2947 corporeir
1102 2834 1354 2953 conspiciatur,

151 2985 235 3040 cum
262 2957 398 3038 lumen,
432 2972 501 3044 quo
527 2949 566 3022 in
588 2965 709 3023 monte
733 2945 857 3020 Tabor
884 2945 1188 3022 circumfulsernnt
1212 2948 1355 3049 Apollo

63 3122 67 3129 .
150 3061 200 3143 li,
234 3049 342 3128 fuerit
373 3047 584 3135 increatum,
618 3063 654 3116 et
678 3040 782 3136 ipsius
806 3041 970 3117 essentiae
992 3043 1064 3118 Dei
1089 3043 1354 3145 effulgescentir.

155 3149 263 3229 Unde
289 3165 371 3217 mnu
395 3139 572 3236 originem
597 3137 740 3234 repetiit
764 3137 998 3212 controuersia
1024 3139 1220 3217 delumine
1237 3143 1358 3219 heret

154 3268 196 3322 to
221 3238 385 3318 essentiae
408 3234 566 3328 divinae,
604 3256 643 3309 et
669 3233 833 3307 Taboreo
864 3256 1001 3320 creato,
1042 3257 1087 3309 an
1110 3234 1301 3315 increnni
1325 3252 1357 3312 et

157 3338 421 3420 Monachorum
444 3333 578 3407 causam
605 3328 750 3424 suscepit
772 3331 932 3405 Palamat.
982 3329 1097 3428 Quam
1114 3328 1295 3411 historiam
1309 3354 1358 3408 nn·

148 3458 301 3606 taquam
334 3452 509 3517 enarrem,
548 3426 655 3526 ip-srur
687 3424 899 3523 quaestionis
936 3425 1136 3501 intellectus
1166 3431 1359 3527 pandendur

156 3556 181 3611 c
212 3587 222 3607 .

150 3666 156 3677 ·
207 3627 241 3725 §.
266 3622 479 3696 ccclxxi.
515 3614 682 3717 Quaestio
713 3615 782 3690 suit
805 3616 951 3709 duplex,
989 3643 1056 3695 urta
1077 3617 1122 3692 de
1142 3619 1358 3701 effendaert

111 3735 114 3739 ⁴
150 3725 313 3824 iunipirus
328 3729 380 3794 tuti
394 3723 540 3814 irrpyrirtr
558 3712 733 3808 potentiae
749 3733 788 3785 ac
803 3713 1038 3808 operationis,
1061 3714 1120 3789 seu
1136 3717 1353 3805 efficientiae,

162 3819 383 3906 distlndiione
407 3814 443 3887 in
471 3814 570 3894 Deo,
610 3808 784 3882 alterode
810 3807 944 3883 iumine
975 3812 1159 3901 Tuberto,
1205 3808 1354 3891 essurire

90 3986 102 4003 ,
152 3919 305 4002 ‘divinae
327 3908 520 3987 efficientia
544 3904 715 3994 increata,
741 3927 783 3977 an
808 3907 951 3979 creata?
981 3907 1153 3981 Monachi
1180 3903 1352 3987 memorati

117 4008 120 4019 ’
159 4041 202 4105 et
225 4011 409 4098 Palamitae
436 4001 657 4104 operationes
690 4019 729 4075 et
758 4000 936 4101 potentian
962 4002 1036 4079 Dei
1068 4001 1352 4149 distinneruntrsl

1290 4115 1366 4199 lpr.
