3022 4806
353 576 434 633 affl
661 580 770 660 Secul.
796 512 898 659 Xl's.
1150 570 1152 575 ,
1315 600 1392 693 5⁶1

150 754 224 834 ubi
247 777 277 832 a.
305 762 413 833 1606.
432 755 555 853 obiit,
598 761 771 837 rediitad
799 758 1007 858 religionem
1031 762 1270 862 Catholicam,
1308 772 1384 851 imo
1427 776 1431 793 ²

154 878 181 929 a
216 853 251 926 se
281 853 460 950 inpetrare
493 857 634 952 potuit,
670 878 709 931 ut
734 856 821 931 dnos
845 857 1025 954 scripserit
1054 864 1190 939 libellos
1209 868 1381 962 famosos,

154 950 217 1023 bit
238 950 369 1024 titulis:
413 953 489 1023 dina
514 955 606 1048 ningo
630 947 818 1044 Hallrnstr,
859 957 1022 1053 beneficia
1052 962 1128 1054 ejus
1159 981 1193 1035 er
1219 969 1378 1043 miracula

152 1065 230 1136 etc.
253 1051 328 1121 diva
361 1046 590 1136 Siclremensts,
633 1051 705 1125 five
732 1049 924 1143 Aspricollis
960 1072 1031 1126 cte.
1087 1055 1219 1134 Dixisse
1244 1061 1376 1152 fertur,
1476 1058 1479 1069 ’

152 1161 200 1212 ut
226 1143 494 1238 Schluslelburg.
521 1143 610 1238 apud
635 1148 802 1219 Cronium
827 1146 1001 1222 animadv.
1026 1146 1149 1224 histor.
1183 1175 1222 1226 et
1249 1158 1375 1236 Philol.

156 1260 198 1333 p.
224 1238 306 1312 Vll.
333 1259 466 1326 narrat,
492 1263 614 1313 ornnem
641 1246 849 1336 religionem,
875 1261 908 1313 cr
933 1245 1053 1318 nnllam
1079 1250 1285 1340 religionem,
1305 1252 1376 1341 stoc·

154 1328 222 1426 effe
247 1327 341 1407 rmum
365 1352 398 1410 ct
423 1337 516 1408 idem.
566 1337 607 1408 ln
641 1339 733 1412 libris
753 1342 899 1430 politicis
924 1339 1239 1431 perniciosrllimam
1268 1345 1374 1423 stabi·

153 1430 225 1503 lire
251 1450 392 1504 conatur
417 1430 467 1504 est
490 1432 660 1525 reguiam,
693 1434 736 1506 de
759 1433 1031 1527 persecutionibus
1052 1438 1132 1528 fidei
1153 1442 1252 1535 causa
1279 1446 1376 1536 inlli-
1424 1455 1429 1464 '

151 1528 309 1615 tricolim
333 1541 432 1622 qoam
453 1527 525 1621 jam
550 1551 596 1598 eo
622 1550 779 1626 tempore
804 1529 948 1627 egregie
975 1531 1140 1607 refutauit
1165 1536 1372 1614 Koornher·

147 1620 228 1695 ¹rius
251 1622 286 1694 in
313 1625 422 1712 libro,
462 1625 518 1695 cui
546 1623 680 1700 titulus:
716 1625 873 1722 proccffics
898 1647 1012 1699 contra
1034 1630 1295 1726 lraereticidiom,
1336 1653 1371 1711 ct

150 1727 346 1796 cooiironcm
377 1717 655 1810 conscientiarum.
707 1723 800 1792 inter
824 1744 940 1817 opera
974 1722 1110 1814 Lipsri,
1150 1751 1235 1819 quae
1277 1736 1369 1808 bene

151 1817 264 1892 rrrrlta
296 1816 393 1903 sunt,
433 1817 603 1905 eminent,
641 1834 844 1892 commentar.
879 1821 912 1890 in
949 1817 1099 1893 Tacitum
1130 1817 1254 1919 (licet,
1287 1842 1369 1903 eurn

142 1911 349 2005 ,compilasse
384 1913 568 1983 Muretum
608 1931 645 1984 et
678 1912 915 2001 chiffletium,
949 1917 1057 1988 tradar
1093 1917 1291 2012 Giphanius
1326 1930 1366 1999 in

144 2010 254 2108 april.
281 2011 321 2078 ad
357 2009 540 2080 Canterum
564 2007 599 2079 in
624 2009 764 2105 Sylloge
791 2008 1021 2102 epistolarum.
1038 2011 1080 2082 ab
1106 2014 1148 2085 A.
1176 2015 1366 2090 Matthaeo

145 2107 340 2181 editarum.
368 2107 409 2174 ad
447 2106 574 2177 calcem
618 2103 749 2175 Alciati
789 2121 913 2176 contra
946 2104 1057 2176 vitam
1094 2106 1364 2210 monasticam)

141 2203 259 2283 civilis
278 2200 438 2285 dullrina,
459 2199 956 2288 mtrnitaPolitica,monodniiio
972 2204 1016 2272 ad
1029 2201 1258 2297 Philosophiam
1275 2207 1364 2278 Stoi·

142 2322 242 2386 carn,
266 2297 304 2369 dr
329 2293 531 2390 conplantia,
554 2299 592 2366 de
615 2298 736 2370 militia
762 2295 935 2386 Romana,
966 2298 1180 2390 Saturnalia,
1204 2304 1241 2374 da
1266 2326 1362 2378 cruce

142 2418 221 2470 etc.

197 2488 228 2585 s.
254 2488 336 2561 DX.
378 2488 476 2561 luter
501 2484 899 2575 CatholicoRomanos,
939 2483 999 2583 qui
1023 2488 1212 2583 Scriptorac
1238 2494 1275 2569 S.
1301 2502 1366 2573 ens

141 2587 327 2687 plicandae
352 2605 494 2678 operam
521 2580 778 2676 inpenderunt,
803 2582 843 2654 ad
863 2605 950 2679 quos
974 2606 1106 2679 pergo,
1131 2590 1281 2680 primum
1304 2611 1359 2665 te·

144 2700 209 2757 net
243 2683 357 2753 locum
390 2679 581 2770 Franciscus
611 2677 779 2752 Ximcnios
809 2677 1020 2752 Cilnerensra
1052 2681 1249 2776 Hispanus,
1282 2686 1359 2761 Mi·

138 2779 278 2865 norica,
306 2773 514 2863 Cnrdlnalis,
547 2775 839 2870 Archiepiscopus
863 2772 1075 2862 Toletanus,
1108 2779 1358 2859 Arelicaocel

140 2871 267 2962 larius,
307 2888 344 2942 et
369 2872 555 2959 lnquiliror
579 2869 769 2966 generalis,
808 2886 966 2941 mortuus
994 2891 1023 2940 a.
1053 2889 1159 2963 1517.
1208 2874 1357 2956 Celebre

142 2967 266 3046 nouos
290 2966 341 3040 eli
367 2987 494 3037 nomen
519 2989 582 3059 per
608 2961 830 3036 Academiam
858 2983 929 3055 pon
964 2980 1099 3040 tanturn
1124 2968 1356 3066 Compluten·

137 3065 233 3152 lem,
259 3064 300 3136 ab
324 3060 401 3156 ipso
425 3059 638 3146 institutam,
663 3057 718 3132 sed
743 3081 781 3134 et
796 3080 860 3153 per
875 3055 987 3168 iiiblia
1005 3058 1221 3156 Polyglotta,
1246 3064 1354 3163 ipsiur

138 3182 226 3237 cura
257 3179 294 3232 et
318 3156 482 3231 sumtibus
508 3157 736 3242 concinnata,
764 3175 801 3229 et
827 3153 941 3245 edrta,
969 3153 1026 3228 Vl
1049 3158 1157 3232 tomis
1181 3159 1222 3234 ¹in
1242 3162 1354 3246 sola.
1437 3214 1444 3225 ·

143 3270 336 3347 1515.,et
360 3253 475 3326 Leoni
502 3254 547 3326 X.
572 3252 684 3342 Papae
707 3251 886 3325 dedicata:
911 3272 999 3344 quae
1021 3251 1135 3330 Biblc'a
1153 3258 1357 3352 Cornplurcn-¹

128 3349 195 3447 psa
230 3350 336 3441 vulgo
369 3351 523 3423 audiunt.
571 3349 659 3421 Usus
685 3368 802 3420 autem
827 3344 878 3418 est
900 3343 985 3420 viris
1006 3346 1137 3439 noetis,
1162 3373 1199 3424 et
1219 3356 1359 3434 codici-⁴

140 3454 209 3527 bus
224 3446 326 3533 Mli,
352 3469 372 3517 e
390 3443 583 3528 Vaticana,
603 3441 786 3529 Medicea,
804 3441 965 3526 Veneta,
985 3441 1145 3541 aliisque,
1161 3448 1358 3529 bibliotheo¹

137 3543 361 3630 cirpadoito
387 3563 524 3634 quoque
550 3539 683 3610 Lexico
707 3538 895 3622 Hebraeo,
922 3536 1117 3628 Chaldaeo:
1142 3559 1180 3615 et
1198 3543 1357 3633 Graeco,¹

138 3640 185 3715 ln
216 3638 452 3710 Pentateucho
480 3653 676 3726 comparet,
711 3651 847 3731 praeter
872 3633 1072 3708 Hebraeum
1097 3656 1134 3711 et
1160 3639 1355 3739 Graecum,

141 3753 264 3810 tentor
292 3735 501 3813 Clrallneur,
533 3729 661 3803 additia
694 3728 905 3803 versionibus
934 3729 1089 3820 Latinio,
1122 3733 1180 3809 sed
1207 3737 1245 3812 in
1271 3738 1356 3814 reli·

135 3828 219 3928 quis
243 3829 335 3903 libris
363 3831 545 3902 Hebraeus
561 3843 695 3900 tantum
712 3845 749 3897 et
768 3826 935 3901 Graecos.
983 3827 1162 3929 singulare
1178 3830 1248 3922 est,
1274 3849 1355 3909 rex·'

140 3945 198 4001 tus
231 3923 279 3996 ita
312 3925 380 3999 mle
412 3921 612 4018 dispositos,
643 3942 682 3998 ut
722 3920 875 3996 medium
915 3923 1032 3997 locum
1068 3925 1163 3997 inter
1193 3928 1357 4003 Hebrae-¹

136 4040 202 4101 mn
243 4039 280 4093 et
307 4021 487 4100 Graecum
501 4040 510 4093 .·
525 4036 644 4099 teneat
676 4015 790 4107 versio
822 4018 1152 4125 vulgatapmagio,
1169 4020 1359 4124 ineptum,

185 4109 275 4194 Yon.
302 4115 396 4200 Vl..
685 4111 817 4227 llbbb
1061 4142 1063 4148 ·
1264 4120 1364 4221 quod

1382 4266 1467 4520 Δ
