3022 4806
1301 452 1355 493 ,θ’

545 685 551 697 1
649 592 908 708 SeculXVI,
965 647 974 658 -
1300 545 1380 716 ω

152 766 242 857 fol,
269 768 463 846 accedente
488 792 574 849 mox
590 772 632 849 ad
648 773 791 848 alteram
808 769 1001 855 editionem
1028 783 1126 843 tomo
1143 772 1292 871 septimo
1308 775 1375 880 per

152 865 326 962 Jacubum
368 866 596 943 Mosandrum
637 868 911 945 Carthasianuui.
969 869 1009 938 ln
1052 889 1122 963 quo
1162 895 1271 968 opere
1304 879 1368 975 ipsi

179 963 305 1037 raeivit
321 962 472 1062 Aloystur
484 966 704 1061 Lipotnannrts
714 1021 724 1056 ,
744 966 927 1051 Venetus,
944 963 1206 1056 Methonensis,
1225 989 1262 1043 et
1278 974 1362 1060 dolii

149 988 391 1150 herenensis,
417 1060 630 1159 Episcopus,
656 1060 803 1136 nuncius
825 1061 939 1154 Papae
955 1058 1046 1153 apud
1073 1059 1268 1138 Lusitaniae
1290 1071 1363 1162 Re.

150 1175 255 1249 gem,
277 1174 314 1227 et
329 1153 432 1249 alios,
455 1158 587 1256 synodi
599 1158 706 1233 etiam
731 1154 962 1230 Tridentinae
981 1160 1196 1247 membrum,
1216 1161 1361 1240 defunc.

150 1267 209 1323 tiis
236 1275 268 1328 a.
295 1272 401 1344 1559.
432 1251 600 1351 Scripsit,
625 1270 761 1351 praeter
793 1267 933 1325 catenat
956 1249 1097 1325 Patrum
1122 1251 1157 1325 in
1185 1255 1360 1355 Genesin,

151 1343 335 1455 Exodurn,
360 1368 396 1420 et
413 1349 583 1444 Psalmor,
606 1370 645 1423 et
658 1350 720 1426 alia
736 1368 862 1445 opera,
881 1364 994 1419 tomos
1012 1345 1095 1420 otto
1113 1349 1157 1422 de
1173 1354 1358 1451 altissona.

145 1455 252 1517 torum
275 1463 313 1515 iri
363 1461 475 1518 uarto.
1308 1472 1309 1475 ¹

150 1643 152 1646 Ι
197 1537 231 1637 i.
254 1465 428 1615 Dxiiv.
461 1537 628 1616 claudant
652 1537 795 1614 tandem
817 1535 1035 1644 Scriptorum
1058 1539 1253 1639 catalogum
1279 1545 1359 1626 satia

177 1633 351 1725 rolixum,
389 1633 450 1733 qui
491 1654 608 1711 tamen
640 1633 747 1733 duplo
780 1641 890 1730 major
914 1627 1049 1718 sutlset,
1092 1631 1115 1705 li
1150 1660 1274 1713 omnes
1305 1647 1357 1720 es-

146 1657 227 1812 ssent
254 1730 476 1838 recensendi,
509 1727 685 1807 Catholici
716 1729 993 1837 moderatiores,
1028 1724 1122 1802 simul
1148 1734 1355 1840 pacificato·

142 1846 316 1995 {Silili
338 1825 566 1997 ciliififflt.
590 1822 1356 2033 trltdt‘tltli’,salutemdare

148 2015 378 2108 Catholicae,
402 2018 523 2093 animis
539 2019 681 2092 suerunt
696 2017 738 2094 ad
754 2017 1038 2090 reformationem
1063 2017 1241 2110 inclinati,
1263 2023 1352 2100 licet

144 2109 183 2189 in
208 2109 531 2204 Reformaturibur,
557 2131 596 2189 et
619 2111 880 2188 reformationis
903 2109 1031 2197 modo,
1057 2113 1219 2186 nonnulla
1234 2138 1352 2214 repre.

145 2202 355 2297 henderint,
381 2206 481 2299 sair,
501 2233 547 2285 ue
570 2210 614 2284 de
633 2210 775 2283 Erasmo
799 2205 890 2280 dista
910 2224 1084 2300 repetam,
1109 2203 1260 2298 Jocabor
1286 2215 1352 2290 Fa·

144 2305 224 2390 ber,
249 2302 477 2399 Stapuleusir,
492 2328 513 2379 a
528 2305 644 2404 patrio
658 2305 732 2380 solo
746 2303 783 2378 iu
795 2300 948 2378 Picardia
963 2301 1171 2396 appellatur,
1194 2329 1225 2379 a.
1243 2333 1282 2406 13
1288 2334 1347 2407 37.

142 2398 249 2474 valde
269 2398 404 2488 senex,
428 2399 504 2475 imo
526 2401 724 2505 plusquam,
750 2398 935 2473 secundum
959 2399 1160 2487 nonnullos,
1185 2422 1351 2483 centena·

143 2492 217 2569 rius
250 2490 447 2572 defanatur.
488 2497 662 2572 Obscurus
684 2499 806 2572 liceta
828 2495 1015 2583 natalibur‚
1045 2495 1244 2574 clarissimus
1276 2503 1348 2579 suit

139 2591 187 2663 ab
221 2587 440 2678 eruditione,
473 2611 509 2663 et
536 2614 624 2667 unur
645 2615 790 2681 eorum,
814 2612 877 2686 per
925 2614 986 2664 uos
1010 2590 1182 2663 barbariei
1207 2595 1246 2668 in
1271 2599 1349 2674 uni·

140 2685 308 2760 versitate
330 2685 506 2760 Parisienst
529 2687 652 2787 coepit
680 2687 854 2763 debellari.
900 2615 947 2759 in
973 2685 1203 2796 suspicionem
1229 2690 1348 2763 haere·

140 2778 233 2871 lior,
257 2802 300 2852 ac
318 2779 437 2854 odium
464 2784 670 2877 zelotarum,
694 2809 775 2860 curn
800 2778 1015 2869 incurrisset,
1040 2779 1109 2851 sese
1122 2777 1255 2857 Parisiis
1269 2786 1347 2860 sub·

135 2871 264 2966 duxit,
289 2893 327 2950 et
349 2878 481 2953 Meldis
502 2879 691 2978 aliquandiu
719 2876 888 2962 substitit,
913 2877 1048 2963 donec,
1073 2894 1139 2946 nec
1162 2876 1212 2949 ibi
1231 2899 1346 2973 tutus,

138 2968 222 3071 poll
244 2971 357 3045 variar
380 2973 618 3055 obermtioner
640 2975 677 3050 in
703 2973 844 3049 tutelam
870 2967 974 3045 suerit
989 2991 1008 3041 a
1025 2971 1245 3066 Margareta,
1270 2974 1347 3050 Na.

140 3086 265 3143 vairae
296 3067 456 3166 Regina,
483 3070 600 3143 sorore
627 3068 797 3156 Francisci
816 3070 865 3156 1,
900 3068 1094 3162 susceptus:
1118 3087 1136 3138 a
1187 3094 1231 3143 uo
1257 3092 1346 3147 tem·

138 3185 231 3261 pore
258 3162 393 3238 securus
426 3163 534 3240 haesit
564 3167 717 3256 Neraci,
755 3161 930 3262 usquead
962 3160 1109 3236 obitum.
1204 3187 1346 3262 antam,

137 3256 355 3341 clandestino
379 3259 537 3357 suscepto
556 3263 707 3352 itinere,
728 3261 817 3357 jussu
843 3260 1023 3356 Reginae,
1048 3258 1343 3356 Argentoratum,

136 3352 356 3452 culmorum
393 3378 471 3432 cum
503 3361 639 3432 Buceru
661 3380 698 3432 et
722 3358 895 3453 Capitone
918 3355 1042 3426 habuit
1063 3353 1107 3425 de
1130 3357 1235 3432 variis
1257 3360 1344 3435 doc·

137 3448 257 3526 trinae
281 3450 466 3547 capitibus.
518 3454 708 3542 Narratur,
751 3454 995 3560 nescioquam
1024 3469 1123 3536 vere,
1158 3475 1344 3546 paccatum

137 3545 237 3624 suum
256 3546 299 3621 ad
315 3549 464 3622 mensam
482 3547 655 3648 Reginae,
676 3573 793 3624 curam
813 3542 992 3632 convivia,
1058 3545 1246 3622 rnebundur
1258 3574 1345 3625 con·

136 3640 268 3731 fellat,
301 3643 415 3739 quod„
435 3667 528 3719 cum
564 3647 748 3720 veritatem
778 3642 853 3718 aliia
874 3639 996 3715 instilla
1026 3659 1084 3728 er,
1113 3646 1241 3741 eosque
1263 3667 1342 3722 earu

128 3735 311 3836 ,martyrio
334 3736 474 3814 vidisset
498 3740 694 3851 obsignare,
721 3742 795 3836 ipse
822 3737 862 3812 in
887 3736 980 3833 asylo
1000 3733 1187 3813 delituerit.
1225 3741 1343 3836 Scrip-

137 3833 205 3927 fit,
228 3852 369 3931 praeter
387 3835 472 3924 alia,
499 3835 549 3911 uti
572 3861 609 3910 iti
634 3837 799 3912 Ethieem
816 3830 1027 3921 Aristotelia,
1055 3853 1156 3910 notai
1179 3836 1341 3924 criticas,

141 3949 184 4004 et
207 3932 520 4022 commentarium,
554 3931 591 4006 iii
610 3931 798 4029 Euangelia
820 3949 856 4004 et
875 3926 1045 4025 Epistolar
1072 3926 1344 4024 Apostolorum,

138 4025 181 4103 ia
210 4022 331 4124 quihus
355 4048 437 4105 cum
459 4029 648 4128 Vulgatarri
665 4027 867 4200 gersonem
891 4023 1044 4105 maxime
1064 4023 1349 4196 reprehendgit,

705 4140 833 4214 ecca
1009 4142 1012 4149 ·
1226 4141 1250 4195 o
1289 4144 1351 4202 una

1398 4232 1469 4528 s
