3022 4806
1 635 2 640 κ
133 619 205 693 21⁶
501 601 941 708 monoceroton.
1049 546 1055 559 ’

141 806 281 865 trverat
307 809 348 860 ea
374 781 581 859 conditione
604 805 633 859 a.
662 805 790 873 1252„
823 802 862 857 ut
885 776 1106 873 trienninm·
1134 779 1267 859 e'ontrr·
1283 786 1352 856 an‘

131 878 192 964 bi·
223 884 364 968 statuta,
400 883 558 967 duraret,
599 899 637 951 et
669 879 821 968 oblidet,
861 880 903 950 rd
940 877 1049 953 fidem
1079 879 1347 972 praestandam,

139 983 316 1057 darentur.
366 974 487 1072 Quid?
529 996 609 1046 cunr
644 973 748 1046 nimis
777 976 901 1047 severe
938 994 1123 1047 exerceret
1149 974 1347 1069 justitiam,

143 1096 184 1150 et
206 1094 395 1169 propterea
420 1068 558 1142 odiosus
582 1069 701 1157 fieret,
734 1088 857 1165 captus
878 1064 949 1157 est,
982 1089 1108 1142 exorta
1137 1071 1342 1157 seditione,

137 1188 175 1246 et
198 1173 238 1241 in
261 1187 438 1241 carcerem
472 1162 627 1237 detrusus
659 1187 689 1237 a.
722 1185 827 1253 1255.
853 1164 1086 1236 Bononienser
1119 1185 1225 1254 vero,
1259 1185 1347 1238 cona

137 1263 272 1340 obsides
307 1258 442 1332 tradere
469 1259 684 1349 recusarent,
718 1257 883 1354 supposui
919 1259 997 1331 sunt
1027 1257 1214 1332 interdicio
1246 1259 1347 1335 sacro

143 1360 277 1452 aPapa
308 1352 518 1426 Alexandro.
571 1354 671 1464 Quae
705 1351 804 1427 scena
839 1351 937 1425 brevi
969 1349 1021 1425 est
1052 1371 1195 1427 mutata.
1250 1356 1344 1428 Cum

137 1453 228 1527 enim
258 1472 369 1522 novus
394 1451 548 1536 senator,
573 1470 606 1522 er
633 1446 813 1535 suffetius,
847 1447 937 1520 baud
960 1446 1131 1521 minorem
1157 1466 1347 1525 exerceret

137 1546 384 1631 severitatem,
408 1546 571 1639 populus,
598 1544 722 1617 animis
745 1540 904 1631 mutatio,
929 1542 1196 1618 Brancaieonent
1220 1567 1244 1618 e
1268 1566 1348 1618 car·

137 1664 221 1718 cere
245 1640 382 1727 eduxit,
407 1658 445 1711 et
470 1640 507 1712 in
537 1662 681 1710 munere
702 1637 862 1710 restituit.
914 1638 996 1737 Quo
1019 1636 1130 1726 racto,
1153 1639 1189 1713 in
1218 1639 1348 1712 adver·

137 1736 244 1813 farios
260 1736 337 1810 suor
363 1735 486 1828 coepit
513 1733 663 1820 saevire,
688 1754 759 1805 non
775 1731 931 1805 obstante
952 1731 1097 1805 fulmine
1113 1734 1249 1831 Papaii,
1276 1754 1350 1833 qno

138 1830 155 1911 i
181 1833 252 1909 surn
272 1848 462 1925 propterea
484 1826 585 1901 feriit
602 1828 714 1921 Papa;
739 1826 829 1923 quod
853 1849 922 1899 non
948 1846 1084 1900 tanturn
1105 1827 1209 1904 flocci
1234 1830 1348 1920 fecit,

177 1929 199 2002 d
225 1944 262 2000 et
285 1925 378 2018 Papa
399 1922 514 1994 Roma
538 1926 709 1995 excedere
736 1920 876 1994 coaetus
901 1921 979 1997 fuit.
1031 1923 1117 1998 Vid.
1143 1923 1349 2000 torrorem

139 2017 334 2100 Parisrensrr
358 2040 388 2090 a.
416 2025 521 2107 1258.
570 2019 655 2089 eum
685 2034 800 2089 antem
826 2017 915 2110 Papa
939 2017 1170 2094 Bononienset
1202 2022 1247 2095 ad
1281 2025 1357 2095 ob··

144 2115 236 2195 fider
265 2113 496 2189 dimittendos
520 2133 727 2210 permovere
753 2135 824 2184 non
849 2109 982 2206 posset,
1016 2113 1106 2186 sacra
1130 2133 1168 2188 et
1197 2137 1349 2213 gymna-

138 2214 228 2291 fium
258 2210 302 2284 iia
325 2208 523 2298 interdixit,
558 2231 667 2304 eaque
690 2208 825 2281 ratione
855 2229 915 2279 eos
939 2208 981 2281 ad
997 2207 1230 2284 obedientiam
1246 2232 1348 2286 com·

140 2308 244 2406 pulit.
293 2305 476 2399 Denique,
509 2322 548 2376 ur
581 2306 644 2375 alia
675 2304 787 2397 Papae
820 2300 933 2394 gesta,
968 2303 1032 2374 suia
1064 2304 1149 2377 locis
1185 2327 1350 2398 narrata,

55 2430 63 2449 ⁸
140 2402 300 2481 mittam,
331 2396 503 2468 infensum
539 2398 610 2468 sese
644 2394 901 2469 concubinariis
931 2397 1143 2491 Presbyterir
1169 2402 1351 2496 praestitit

140 2487 395 2576 adversarium,
423 2488 563 2583 scriptis
578 2491 701 2562 litteris
716 2490 904 2586 encyclicis
922 2516 952 2565 a.
980 2513 1085 2582 1259.
1116 2493 1158 2568 ad
1192 2497 1348 2585 Arcbicq

139 2588 310 2687 piscopos
332 2602 370 2655 et
394 2582 608 2677 episcopos,
640 2583 763 2679 quibos
784 2589 1003 2680 presbyteros
1028 2591 1106 2661 ilios
1128 2593 1257 2666 acerbe
1289 2591 1345 2666 in·

140 2685 301 2776 crepuit,
332 2696 370 2749 et
393 2676 548 2750 districte
573 2681 705 2767 vetuit,
731 2680 970 2777 nequisquam
1003 2706 1127 2756 eorum
1159 2683 1346 2760 intereffet

144 2773 335 2857 sacrificiis.
378 2773 530 2846 Litteras
555 2774 597 2847 ad
621 2773 931 2870 Archiepiscopum
958 2779 1258 2876 Saltaburgensem
1289 2805 1346 2856 re·

142 2874 233 2951 citat
265 2869 442 2944 Henricna
465 2871 569 2942 Stero
596 2868 633 2942 in
658 2871 776 2966 Antiq.
803 2870 964 2948 tectior.
996 2875 1132 2949 Canisri.

191 2969 224 3065 §.
249 2965 465 3038 CLXXXV.
492 2965 646 3061 Excepit
670 2966 781 3061 ipsum
821 2968 972 3042 Urbanus
1001 2969 1068 3044 IV.
1094 2975 1136 3045 ab
1167 2992 1199 3047 a.
1234 2977 1349 3053 1261.¹

140 3063 185 3138 nd
202 3086 231 3135 a.
244 3068 370 3146 1265„
391 3058 534 3132 natione
552 3061 753 3150 Trecensrr,
771 3062 970 3136 Patriarcha
985 3064 1351 3163 Hierosolymitanur,

140 3155 201 3255 qui
227 3173 311 3227 tnnc
338 3152 495 3242 Romae,
520 3157 742 3250 negotiorum
767 3157 883 3246 causa,
910 3158 1046 3248 aderat,
1072 3163 1200 3237 erectus
1225 3167 1352 3239 aCar·

146 3249 335 3336 dinalibur,
368 3245 428 3319 diu
444 3247 559 3321 secum
584 3249 832 3326 diffidentibus.
879 3253 963 3326 Erat
979 3255 1129 3331 familiae
1154 3259 1350 3354 ignobilia,

142 3369 187 3420 ex
230 3347 331 3417 Patre
373 3342 489 3415 sutore
523 3364 866 3435 veteramentorum,
912 3368 949 3423 ut
987 3352 1093 3425 habet
1141 3353 1352 3431 Antoninus

141 3443 208 3517 111.
256 3457 343 3533 part.
395 3437 451 3510 tit.
495 3439 590 3512 XIX.
648 3440 753 3542 Quod
794 3463 874 3516 cum
919 3447 981 3540 ipsr
1021 3448 1205 3542 aliqnando
1259 3451 1349 3526 esset

142 3533 344 3631 objectum,
372 3533 440 3605 hoc
463 3556 548 3606 vere
573 3536 690 3609 nobile
719 3536 895 3633 protulisse
928 3543 1207 3632 fertnrdiiium,
1239 3548 1349 3621 airum

142 3655 206 3706 rrorr
232 3630 342 3724 nasci,
359 3627 423 3721 sed
439 3633 561 3733 rirtutr
579 3631 678 3725 fieri,
704 3635 849 3707 nobilem.
902 3637 1026 3711 Vertit
1048 3640 1138 3725 sese,
1163 3638 1279 3715 statim
1304 3662 1347 3718 ac

140 3724 255 3803 sedern
286 3722 535 3830 capessrtnffet2
568 3728 610 3798 ad
636 3724 863 3800 Manfredum
891 3731 1045 3807 Siculum
1079 3734 1348 3828 debellandum,

141 3841 246 3900 eruce
272 3817 310 3890 in
335 3815 448 3911 ipsum
478 3817 602 3909 ubique
627 3820 839 3911 praedicata,
864 3841 898 3895 et
923 3827 1031 3922 Regis
1048 3831 1259 3904 Francorum
1277 3854 1349 3928 ope

140 3918 321 4013 inplorata.
374 3912 460 3984 Cum
492 3932 580 3984 vero
616 3936 720 3986 cmce
756 3913 896 4009 signati,
930 3926 1032 3995 rebus
1063 3922 1146 3996 licet
1175 3924 1211 3998 in
1245 3927 1351 4003 initio

140 4013 293 4095 feliciter
325 4008 432 4098 abiis,
469 4006 513 4081 ad
538 4006 616 4100 itta,
655 4008 797 4084 desedit
824 4012 1110 4110 stipendiorum,
1144 4017 1351 4191 rediffim'
