3022 4806
117 650 199 723 234
512 607 659 703 Historia
683 608 807 711 Ecclefl
834 608 951 711 elrist.

129 820 303 878 unacum
337 792 501 890 responso
525 788 656 884 Regin,
684 789 841 864 recenset
870 787 1091 888 spondanus.
1130 787 1246 894 Quae
1279 794 1357 865 res·

128 893 239 998 ponla
264 916 344 967 cum
371 892 480 984 Papae
503 887 750 982 displicerent,
776 908 844 962 nec
865 886 947 960 Rex
972 885 1041 960 sese
1065 885 1178 962 statim
1205 889 1352 961 submit·

133 1015 209 1068 tere
232 989 362 1076 vellet,
395 987 484 1076 Papa
508 989 663 1057 ultimam
690 984 829 1057 tandem
862 981 1072 1056 sententiam
1106 988 1352 1057 excommuni-

133 1085 284 1165 cationis
309 1083 344 1157 in
371 1082 509 1174 Regem
535 1077 637 1165 tulit,
661 1100 765 1172 quam
786 1079 908 1172 legato
931 1077 1044 1167 mifit,
1078 1099 1118 1153 ιιι
1144 1079 1241 1177 Regi
1263 1079 1350 1156 inti·

133 1199 266 1270 maret,
299 1195 336 1253 et
362 1175 398 1248 in
424 1196 503 1247 toto
527 1196 640 1270 regno
664 1175 875 1269 promulgari
909 1173 1067 1263 faceret,
1100 1173 1221 1250 addito
1252 1198 1354 1251 mam

133 1281 237 1369 dato,
262 1292 300 1346 ut
325 1268 559 1346 Ecclesiastici
583 1271 678 1343 intra
701 1287 772 1342 trec
793 1267 929 1343 menses
960 1268 1030 1342 sese
1057 1269 1198 1344 Rornae
1230 1275 1355 1345 coram

132 1376 225 1471 Papa
250 1366 376 1443 sistant.
426 1366 494 1440 Sed
525 1365 586 1462 qui
611 1364 672 1438 hau
702 1365 839 1439 litterar
870 1383 907 1438 et
937 1364 1128 1460 diplomata
1163 1365 1348 1441 deferebat

132 1461 899 1649 till„ll„llllatlllnl‘ltzl
913 1459 1130 1630 ‘allidi
1151 1463 1351 1632 ltttlt

133 1679 181 1733 eo
213 1655 463 1731 vehementem
495 1649 618 1726 habuit
650 1650 848 1725 orationem
879 1650 1091 1725 invediivam
1126 1651 1166 1727 in
1197 1655 1349 1752 Papam,

136 1774 203 1851 qua
227 1748 309 1848 ipsi,
342 1767 481 1846 praeter
503 1746 614 1821 variae
637 1745 795 1819 haeresen
818 1766 941 1820 contra
964 1745 1254 1822 inmortalitatem
1279 1748 1350 1823 ani·

135 1871 236 1938 mae,
260 1845 369 1919 vitam
392 1861 589 1930 aeternam,
612 1839 841 1935 praesentiam
873 1842 1030 1937 corporia
1063 1843 1190 1919 Christi
1224 1847 1351 1919 realem

63 2007 66 2010 A
135 1946 175 2021 in
201 1938 426 2028 eucharistia,
451 1937 592 2036 inpegit
624 1936 755 2010 atrocia
779 1937 926 2011 crimina
951 1937 1153 2020 simoniae,
1186 1940 1346 2016 luxuriae

137 2042 261 2138 gulae,
286 2034 473 2124 saevitiae,
499 2029 687 2141 sacrilegii,
719 2034 874 2128 magiae,
907 2029 1132 2130 'contemptus
1154 2057 1274 2110 rerunt
1297 2037 1348 2111 la·

135 2158 294 2223 eratum,
328 2131 426 2205 necia
451 2127 641 2205 Caelestini
664 2128 801 2224 Papae,
840 2126 1041 2226 illegitimae
1081 2127 1287 2206 intrufioniu
1314 2130 1352 2207 in

135 2231 254 2308 sedem
280 2230 458 2323 Papalem,
488 2225 642 2301 lomenti
668 2226 836 2298 bellorum
863 2243 900 2298 et
933 2221 1165 2316 diffidiorum,
1197 2227 1276 2302 odii
1314 2229 1353 2304 in

137 2327 257 2421 specie
282 2325 319 2397 in
345 2344 492 2417 regnum
518 2321 755 2408 Gallicanum,
790 2340 860 2395 etc.
911 2319 1069 2393 Decreta
1092 2320 1197 2396 etiarn
1227 2322 1279 2397 ibi
1303 2321 1358 2396 est

138 2418 324 2513 adpellatio
349 2417 390 2489 ad
417 2413 607 2486 concilium
632 2415 842 2503 universale,
875 2439 977 2512 quam
1000 2416 1119 2489 Cletut
1150 2417 1357 2494 Gallicanae

138 2533 176 2588 et
195 2509 381 2585 Academia
400 2507 591 2582 Parisrensra
607 2509 881 2599 confirmarunt,
905 2509 1022 2585 addita
1039 2529 1173 2586 tantum
1191 2518 1355 2612 excepti·

137 2631 227 2696 one,
243 2604 351 2702 salvis
374 2606 409 2673 in
433 2605 577 2676 omnibns
593 2603 760 2694 Ecclestae
780 2606 948 2679 Romanae
962 2608 1073 2678 bonore
1098 2624 1131 2678 et
1143 2617 1353 2701 reverentia,

143 2720 183 2776 et
208 2699 442 2794 adpellatione
469 2699 602 2795 prolata
633 2699 791 2774 dictione
826 2701 1051 2796 diljundtiva.
1083 2704 1125 2776 ad
1160 2707 1354 2794 conciliare,

144 2802 200 2874 vel
207 2796 364 2894 futurum
380 2797 557 2889 legitimam
575 2796 787 2888 Pontificem,
810 2798 852 2870 ad
870 2821 996 2895 quem,
1015 2797 1072 2869 vel
1085 2798 1129 2871 ad
1144 2820 1249 2898 quoe,
1268 2822 1352 2896 pro·

141 2896 345 2971 vocandum
373 2893 471 2967 effer.
517 2889 718 2966 Concilium
742 2892 858 2988 itaque
880 2893 1042 2988 generale
1069 2892 1138 2966 fuit
1162 2897 1273 2992 papali
1289 2918 1353 2970 an·

141 2993 291 3064 toritate
328 2987 484 3082 superine
514 2986 681 3062 habitum.
730 2989 851 3063 Petrus
875 2990 997 3061 Marta
1030 2988 1076 3061 de
1107 2991 1272 3067 concord.
1304 2989 1358 3066 sa·

140 3082 237 3156 oerd.
263 3102 299 3157 et
327 3085 444 3178 Inper.
468 3085 489 3159 l.
517 3083 585 3159 IV.
609 3107 641 3157 c.
671 3105 752 3176 17.,
776 3083 836 3159 ubi
860 3083 896 3156 in
922 3083 1160 3179 adpellationie
1183 3087 1360 3185 ejusmodi

141 3177 316 3273 originem
343 3176 521 3272 inquirit,.
543 3197 581 3252 et
604 3179 849 3274 disjundlivam
876 3179 966 3252 illam
992 3181 1262 3270 adpellationern
1292 3206 1357 3260 ex·

140 3271 267 3370 ponit,
298 3296 374 3346 rem
398 3275 489 3348 haud
515 3297 635 3366 parum
663 3276 840 3369 palliavit,
874 3293 911 3347 et
934 3273 1106 3364 involvit,
1141 3302 1186 3352 ne
1218 3281 1360 3378 Papalie

141 3369 346 3539 ”mii-‘²120
340 3367 469 3466 aliquid
502 3368 620 3467 capiat
650 3369 868 3447 detrimenti.
920 3373 978 3445 De
1007 3395 1084 3469 quo.
1108 3372 1167 3448 hic
1198 3392 1274 3452 uon
1305 3375 1360 3451 est

139 3483 266 3556 lgent
349 3488 397 3542 ut.
1112 3560 1115 3565 ι

192 3555 226 3655 ς.
251 3561 358 3638 CCII.
382 3560 520 3660 Quibus
543 3563 586 3639 ad
611 3564 738 3658 Papam
763 3563 904 3655 delatis,
937 3562 1011 3659 ipse
1036 3563 1273 3641 vehementer
1304 3566 1360 3643 eli

143 3655 361 3744 concitatus,
396 3677 455 3741 et,
488 3659 667 3759 postquam
692 3659 764 3732 sese
787 3664 822 3734 in
853 3661 1060 3735 consistorio
1091 3682 1111 3732 a
1142 3661 1360 3739 criminibus

141 3749 334 3841 solenniter
361 3772 425 3850 per
443 3752 676 3844 juramentum
700 3756 890 3850 purgallet,
916 3759 958 3831 ad
984 3759 1142 3833 censuras
1159 3755 1197 3832 in
1215 3758 1358 3858 Regem

142 3862 181 3922 et
205 3845 373 3942 Regnum
404 3846 477 3920 sese
512 3870 676 3940 vertens,
711 3852 850 3948 Regem
882 3853 1049 3946 devovit,
1084 3855 1217 3949 Regno
1251 3855 1359 3930 senia

143 3939 357 4033 interdixit,
376 3942 587 4023 Academiae
595 3945 836 4040 juredoeendl
854 3948 1027 4044 privavit,
1046 3949 1360 4027 subditoefidelita·

137 4055 184 4169 'te
202 4036 380 4137 exsolvit,
400 4040 568 4144 Regnum
582 4041 753 4148 abaco,
781 4043 1025 4124 Romanorum
1048 4045 1166 4146 Regi,
1192 4044 1358 4136 tradidit,

1176 4138 1364 4242 iustam
