3022 4806
434 573 439 580 ι

637 659 745 740 Setel.
768 657 861 738 XII.
1323 682 1376 764 57

144 834 403 928 obedientiam,
438 857 586 936 eumque
600 834 785 916 excitavit
808 836 851 913 ad
873 857 973 917 anna
996 854 1117 914 contra
1141 837 1276 913 Patrem
1308 838 1367 916 su·-¹

144 935 300 1018 menda·
325 933 552 1008 Exercitibus
578 936 689 1010 Patrio
716 955 753 1009 et
784 932 886 1027 Filii,
924 932 1085 1031 singulari
1117 953 1156 1008 et
1189 934 1363 1030 stupendo

141 1031 327 1200 lissi}
351 1027 1361 1200 himiitfflsslil⁰ildl⁰ib¹i”‘ifflbhiiilld'hi'

141 1241 219 1294 cnm
252 1221 357 1293 Pater
390 1177 619 1312 Mogditiam
651 1149 880 1316 pioperarem
921 1149 961 1294 gt
997 1239 1077 1293 cum
1107 1217 1203 1295 Filio
1237 1176 1360 1296 c'orod
1447 1246 1450 1252 ·

139 1313 361 1410 Principibus
386 1311 423 1386 in
474 1312 596 1392 ratiam
621 1315 773 1403 rediret,
799 1335 831 1387 a.
862 1321 995 1403 1106..
1020 1309 1072 1387 est
1102 1311 1141 1388 in
1173 1312 1358 1389 munitilli·

140 1433 232 1511 mom
254 1408 430 1482 castelum
447 1337 736 1484 inuehentem
765 1408 853 1481 Filio
877 1409 1065 1497 dedublnr,
1096 1425 1256 1506 tanquam
1279 1424 1367 1507 cap·¹

141 1510 237 1581 tivor
268 1501 454 1586 tradlatua,
493 1502 715 1577 absolutione
747 1528 766 1580 a
805 1505 951 1602 Legatis
981 1507 1111 1600 Papae·
1136 1502 1260 1578 srnllra
1293 1530 1355 1602 pe·

140 1605 223 1689 rita,
248 1595 376 1695 inperii
393 1595 557 1692 insignia,
580 1619 743 1686 crucem,
767 1600 943 1690 lanceam,
968 1598 1160 1693 sceptrum,
1187 1602 1355 1696 globum,

141 1716 246 1793 arque
275 1712 473 1779 coronam,
514 1691 656 1766 condior
687 1693 894 1789 deponere,
915 1692 1026 1791 xFilio
1056 1691 1092 1765 in
1126 1695 1201 1789 ejus
1237 1695 1354 1772 locum

139 1790 250 1868 eleeto
284 1810 380 1883 rege.
430 1785 570 1860 Secessrt
603 1785 761 1882 privatus
798 1787 837 1862 in
870 1790 986 1862 locum
1018 1785 1082 1862 srbi
1122 1786 1353 1884 adsignatum,

140 1891 235 1963 unde
257 1882 343 1980 suga
375 1881 520 1976 dilapsus
543 1880 716 1957 Leodium
740 1883 860 1974 venit,
886 1885 945 1957 ubi
970 1881 1183 1978 exspiravit,
1218 1901 1254 1956 et
1279 1910 1356 1966 mo·,

140 2006 178 2059 re
206 1979 310 2078 regio
341 1975 394 2051 est
426 1976 587 2071 sepnlrua.
637 1976 716 2050 Sed·
743 1976 863 2074 postea
892 1999 1052 2075 corpur,
1089 1976 1180 2071 jussu
1214 1980 1351 2075 Papae,-

84 2136 87 2141 .
140 2079 200 2179 qui
223 2071 345 2149 omnia
369 2073 427 2147 illa
450 2069 526 2146 aila
558 2071 828 2164 adprobaverat,
858 2094 960 2167 quam
984 2070 1108 2166 injusta
1140 2072 1268 2161 etiam,
1302 2073 1352 2149 se·

139 2177 263 2268 pulcro
299 2164 481 2264 ejectum,
520 2164 644 2240 mansit
686 2167 904 2240 inhumatum
945 2187 1009 2262 per
1050 2168 1353 2267 quinquennium,

139 2265 324 2345 secundum
349 2262 441 2335 hanc
463 2261 613 2356 regulam
647 2259 941 2348 Ecclesiasticam,
979 2261 1090 2353 quibus
1123 2264 1206 2333 rivis
1242 2267 1352 2338 Eccle-

135 2366 192 2462 fia
215 2385 277 2435 uara
299 2359 532 2444 communicat,
563 2356 629 2427 illis
654 2361 752 2428 etiam
775 2377 833 2429 trec
863 2359 997 2431 mortuis
1033 2357 1264 2432 communicare
1294 2382 1352 2455 po·
1436 2389 1442 2399 ·

138 2458 221 2556 rest,
261 2455 378 2526 donec
411 2449 538 2541 Filius,
575 2450 665 2545 Papa
694 2447 902 2541 humanior,
943 2451 1081 2523 Patrem
1114 2447 1214 2545 regio
1249 2477 1348 2528 more

138 2549 342 2651 sepeliverit
362 2546 496 2641 Spirae.
546 2548 711 2621 Ceterum
733 2545 890 2643 praeivit
916 2543 997 2640 ipsu
1028 2543 1063 2618 in
1094 2545 1258 2621 Heorico
1289 2565 1350 2625 err·

140 2645 322 2728 humando
356 2640 430 2738 ipse
466 2640 579 2738 Papa,
623 2639 686 2737 qui
718 2663 748 2715 a.
784 2661 889 2730 1105.
930 2641 1121 2713 Clementis
1151 2639 1350 2742 Antipapae

139 2745 230 2834 offa,
256 2741 451 2814 Ravennae
469 2734 622 2832 sepulta,
641 2735 798 2824 extrahi,
822 2754 860 2807 et
878 2735 915 2809 in
929 2734 1058 2808 fluenta
1075 2734 1224 2830 projici,
1249 2761 1348 2815 cura·

136 2830 764 3014 httrtstrtlllhlll'rhll‘,
779 2827 1344 3032 ³3,bethmatha:

137 3049 277 3116 rentur,
317 3020 437 3095 acerbi
478 3042 567 3093 mam
598 3037 719 3093 contra
753 3021 878 3112 Papam
911 3017 1129 3113 scrrpseront·
1146 3015 1346 3118 epistolam,

160 3149 202 3202 aa
225 3115 521 3216 reprehenditur,
545 3113 640 3187 inter
665 3113 751 3203 alia,
778 3113 891 3210 quod,
926 3134 1021 3187 novo
1045 3116 1231 3210 exemplo,
1263 3119 1345 3193 Hil-

137 3152 352 3299 hebrandnm
377 3212 533 3297 secutur,
567 3207 685 3304 gladio
706 3208 742 3282 in
765 3224 958 3318 peccantes
983 3227 1119 3298 utatur,
1153 3211 1227 3283 imo
1253 3212 1350 3290 seder

139 3316 275 3412 Papalir
295 3303 427 3381 dicitur
449 3305 602 3401 babylon
628 3321 665 3375 et
688 3301 978 3378 Antichristiana.
1027 3305 1120 3398 Papa
1145 3306 1241 3379 enim
1273 3311 1349 3383 Ro·

138 3413 296 3493 bertum,
328 3398 511 3473 Flandriae
551 3398 742 3488 comitem,
774 3421 795 3471 a
832 3399 923 3472 bello
953 3399 1048 3473 sacro
1082 3399 1268 3491 reducem,
1311 3406 1378 3481 in*

140 3529 201 3581 eoa
219 3494 478 3585 concitaverat,
499 3490 732 3661 jufferatrppe,
756 3511 794 3566 ur
812 3491 960 3566 Henrici
980 3492 1136 3565 fautores
1159 3498 1342 3594 persequa.

141 3621 216 3690 tur,
248 3593 376 3670 addere
401 3611 470 3663 non
493 3585 633 3661 veritus
675 3607 721 3662 oc
742 3585 1078 3678 Antichristianum,
1112 3589 1234 3666 nullum
1266 3620 1350 3690 gra.

139 3700 205 3770 tius
228 3691 299 3766 Deo
323 3684 440 3783 offerri
456 3681 541 3780 poffo
556 3680 775 3778 sacrificium.
1115 3743 1116 3746 ,
1359 3766 1369 3779 ,

185 3791 217 3889 §3
244 3786 375 3862 XLIX.
401 3778 537 3876 Quibus
554 3778 721 3890 peractio,
745 3777 819 3873 ipse
845 3776 1025 3853 Henricus
1042 3777 1092 3854 V.
1116 3777 1242 3858 iisdem
1270 3810 1348 3862 mo.

142 3888 249 3973 tibur,
282 3898 320 3956 et
344 3877 493 3951 eandem
513 3891 621 3946 ettam
647 3877 694 3948 ob
720 3872 985 3964 investiturarum
1011 3874 1168 3968 causam,
1195 3878 1264 3954 fuit
1296 3884 1352 3957 in.

143 3980 287 4089 plicitus.
313 3967 466 4047 Famoso
493 3970 641 4041 decreto
663 3968 699 4042 in
721 3970 875 4044 concilio
899 3967 1132 4045 Gnastalleose
1159 3973 1203 4045 ad
1225 3976 1352 4052 Padum

69 4114 76 4141 .
144 4067 460 4244 rnqboogplblardia,
494 4084 526 4138 a.
561 4069 668 4142 1106.
698 4062 793 4234 iussin
821 4067 933 4163 Papae
962 4062 1106 4158 coelio,
1138 4066 1194 4142 cui
1224 4071 1353 4239 [ἕω

217 4192 272 4251 m·
360 4217 370 4238 ⁸
1298 4187 1359 4248 en·
