3022 4806
130 588 139 637 ·.
152 567 202 660 96
540 564 692 664 Historia
713 558 841 666 Eccles.
866 561 984 662 Christ.

156 739 521 832 se‚1secumc0llatis‚
544 746 615 839 jam
641 744 720 818 satis
744 741 899 833 constat,
924 761 962 816 et
985 765 1005 815 a
1029 737 1206 814 Kirchero
1230 737 1268 814 in
1288 738 1377 814 Chi·

157 861 199 911 na
227 838 412 927 illustrata,
444 864 485 912 ac
512 840 665 911 Ludolso
690 841 727 914 in
752 836 1009 914 commentario
1034 837 1076 910 ad
1100 835 1181 910 hist.
1215 835 1373 910 Aethio·

155 934 291 1033 picam,
327 936 377 1007 est
403 937 480 1007 satis
510 933 791 1011 demonstratum.
841 936 999 1008 Tradunt
1022 955 1106 1005 vero
1129 931 1291 1007 historici
1324 930 1377 1004 ci·

162 1036 246 1119 tati,
283 1030 385 1103 initio
419 1032 520 1103 seculi
544 1032 778 1106 Orientalium
819 1031 918 1106 Asiae
943 1030 1124 1123 regionum
1159 1051 1293 1124 regem·
1316 1027 1374 1099 su·

156 1127 218 1201 ill'e
261 1127 399 1197 Coircm
436 1128 635 1214 chamum,
676 1149 787 1224 eoque
819 1147 977 1215 mortuo,
1013 1123 1266 1197 Nestotianum
1308 1122 1372 1195 ali·

155 1245 258 1316 quam
283 1225 549 1315 presbyterum,
575 1222 702 1296 dietum
726 1226 944 1321 Johannem,
980 1219 1062 1292 illud
1088 1241 1233 1313 regnum
1260 1240 1371 1292 occu·

156 1315 270 1414 passe,
301 1318 447 1410 ejusque
481 1319 518 1388 in
550 1316 683 1391 samilia
714 1316 932 1392 continualle
956 1316 1060 1410 usque
1091 1317 1132 1385 ad
1164 1338 1194 1388 a.
1234 1335 1367 1403 1202„

155 1412 293 1506 quaudo
326 1412 462 1500 Dauid,
497 1412 671 1506 Johannis
694 1416 799 1505 filius,
834 1414 1056 1497 aTartaris‚
1092 1410 1193 1481 Duce
1217 1410 1370 1506 Cyngis·

156 1506 307 1589 Clraam.
338 1506 472 1578 occisus
505 1506 576 1594 est,
603 1529 639 1579 et
665 1534 810 1604 regnum
845 1506 1034 1582 visionibus
1064 1505 1183 1578 cellit:
1210 1505 1372 1594 additur,

158 1602 299 1673 Ductrn
335 1603 427 1673 illum
460 1601 593 1675 duxisse
619 1603 722 1676 filiam
749 1605 919 1699 Johannit
950 1621 1103 1674 uxorem.
1151 1602 1243 1691 Sed,
1285 1602 1373 1674 licet

162 1695 306 1768 nornine
347 1699 541 1792 Presbyteri
581 1701 750 1794 Jobaunis
788 1703 906 1772 variae
943 1695 1080 1769 exstent
1121 1695 1370 1792 conjecturae,

163 1793 285 1865 verius
324 1792 408 1865 milri
445 1794 600 1879 videtur,
634 1795 724 1888 quod
765 1795 872 1889 Hyde
905 1790 945 1864 ad
977 1795 1183 1864 itinerarium
1214 1792 1370 1885 Petltsol.

158 1911 195 1984 p.
234 1910 314 1975 254.
349 1889 570 1975 observavit,
604 1911 733 1963 nomen
758 1892 840 1962 illud
874 1909 1077 1983 corruptum
1102 1883 1171 1960 effe
1202 1907 1246 1959 ex
1279 1884 1371 1981 Pris-

159 1985 332 2056 toa-elma:
372 1983 421 2055 est
452 2005 566 2055 autem
598 1987 718 2078 prisloa
744 1986 861 2058 titulus
884 2007 1003 2078 regum
1036 1981 1181 2056 ditionis
1211 1982 1372 2055 Tartari·

147 2102 220 2151 -cae
241 2102 352 2173 prope
376 2081 532 2152 Sinarum
553 2080 725 2170 confinia;
752 2081 861 2153 titolis
885 2100 1000 2152 autem
1025 2077 1218 2172 Principum
1247 2078 1374 2150 Tarta·

146 2176 231 2248 riae
258 2178 413 2272 subjungi
439 2178 522 2250 solet
549 2179 658 2266 Clau,
685 2179 740 2250 vel
779 2180 870 2251 Han.
930 2175 983 2247 Ex
1004 2171 1229 2268 prison-chan
1252 2174 1371 2268 itaque

159 2271 341 2366 alinguae
374 2273 501 2367 ignaris
526 2272 652 2344 fastum
679 2271 729 2344 est
762 2275 986 2368 Proser-jun,
1019 2289 1056 2341 et
1088 2267 1170 2341 inde
1199 2272 1371 2364 presbyter

165 2363 352 2455 Jolmuues.
402 2389 436 2454 4.
463 2368 624 2458 Denique
649 2367 825 2440 observari
849 2387 1023 2450 meretur,
1058 2367 1274 2437 canonizandi
1305 2384 1370 2458 po·

163 2458 342 2542 testatem,
374 2482 476 2552 quam
511 2460 771 2555 metropolitani
802 2462 843 2536 ad
876 2463 946 2535 hoc
989 2457 1094 2555 usque
1120 2480 1259 2555 ternpus
1280 2480 1393 2554 quo-⁴

161 2576 227 2649 que
259 2573 507 2642 exercuerant,
540 2555 619 2628 sede
651 2555 852 2652 Apostolica
886 2554 1097 2644 inconsulta,
1130 2553 1369 2629 Alexandrum

159 2651 204 2720 ad
234 2651 323 2719 suam
350 2650 464 2720 sedern
499 2651 697 2737 retraxisse,
730 2655 833 2748 eique
867 2653 928 2726 soli
956 2649 1140 2746 adligalie3
1173 2668 1211 2724 ut
1244 2652 1371 2744 probat

165 2745 351 2817 Mabillon
379 2743 521 2840 praesat.
548 2747 650 2819 seculi
676 2749 724 2820 V.
749 2746 982 2820 Benediclini.
1036 2744 1268 2820 Exstatvero
1295 2746 1371 2840 ejus

164 2841 232 2914 hac
255 2841 299 2913 de
324 2863 360 2913 re
382 2860 608 2937 praeceptum
639 2845 675 2915 in
713 2848 780 2936 gaio
807 2842 1063 2928 Decretalium‚
1097 2863 1160 2936 per
1194 2839 1370 2915 Bonifaci·

165 2959 222 3008 uni
241 2937 346 3008 Vlll.
373 2935 544 3025 colledio,
571 2939 627 3011 tit.
651 2962 673 3027 4
678 2963 732 3027 5.‚
765 2940 970 3033 dereliqueris
989 2956 1026 3010 et
1049 2939 1251 3011 renuntiant
1266 2937 1371 3008 Sanc·

167 3047 290 3118 tortun3
328 3034 385 3104 ubi
412 3035 545 3107 occasio
568 3035 697 3107 decreti
725 3033 806 3108 inde
842 3035 1035 3130 repetitur,
1059 3034 1153 3128 quod
1185 3030 1367 3120 nonnulli,

167 3148 270 3197 more
296 3127 509 3220 infidelium,
543 3130 763 3205 instituissent
789 3131 942 3204 hominis
964 3128 999 3199 in
1024 3131 1191 3201 ebrietate
1217 3128 1372 3216 mortui,

163 3239 325 3317 tanquam
353 3223 478 3310 sandi,
512 3231 687 3299 celebrare
717 3227 988 3299 venerationem.
1041 3227 1205 3297 Ceterum
1239 3224 1373 3297 solebat

166 3316 203 3389 in
244 3319 398 3392 conciliis
439 3323 632 3396 solennibus
671 3323 811 3395 decerni
846 3321 1099 3405 canonizatio,
1142 3341 1180 3392 et
1219 3341 1240 3392 a
1279 3319 1372 3413 Papa

166 3412 316 3507 primum
341 3415 376 3487 in
402 3419 476 3489 aula
498 3418 659 3504 concilii,
693 3419 772 3490 dein
800 3419 840 3490 ad
869 3419 1033 3514 majorem
1058 3416 1305 3488 solennitatem
1335 3415 1372 3487 iu

164 3511 466 3588 areaAEcclcfiae.
495 3533 554 3586 aut
579 3518 614 3586 in
634 3514 704 3608 ipsa
731 3515 901 3604 Ecclesia,
936 3512 1104 3587 sententia
1135 3509 1373 3607 pronunciari.

167 3603 253 3679 Vid,
280 3610 535 3701 Papebrochius
570 3612 606 3683 in
641 3628 755 3684 tortula
790 3611 1058 3703 Hijlor-Cluonol
1095 3628 1162 3682 etc.
1205 3605 1375 3680 dissertat.

166 3698 246 3772 XX.
261 3757 269 3784 ‚
287 3704 347 3775 ubi
363 3705 471 3775 etiam
493 3707 675 3794 observat,
694 3707 808 3779 seculo
824 3704 1247 3802 sequente‚etdeinceps‚
1267 3703 1375 3776 indul·

166 3800 297 3891 gentius
328 3820 411 3870 tunc
443 3799 544 3872 fuisse
577 3802 758 3878 concelias.
984 3889 985 3892 Ἴ
1329 3804 1331 3809 ’

157 3936 163 3946 -
214 3893 241 3986 s.
270 3896 471 3967 Lxxxlu.
508 3896 728 3984 Alexandro,
770 3895 829 3992 qui
867 3919 910 3970 22
938 3923 1045 3974 annos
1076 3897 1178 3982 sedit,
1212 3893 1373 3970 succeliit

168 3990 290 4064 Lucius
315 3992 401 4083 lli,
426 3993 467 4066 ab
490 4014 520 4067 a.
548 4001 677 4082 118t.,
704 3991 747 4066 ad
778 4002 883 4084 1185.
909 4019 975 4092 per
1000 3994 1289 4091 quadriennium,
1311 4013 1375 4099 pu·

146 4138 163 4176 e
456 4102 462 4112 ‘
701 4164 704 4168 ,
1309 4105 1377 4158 trra
