2976 4830
147 596 219 676 648
332 637 339 645 ·
463 636 468 641 -
543 579 688 669 Historia
711 579 839 668 Ecclel'.
868 581 984 677 (irrisi.

150 789 229 865 gem
261 759 476 864 palloribus,
513 763 698 834 maximam
733 781 867 854 partem
901 761 1144 858 alienigenis,
1183 765 1354 841 orberent:

148 865 207 939 sed
230 886 351 959 parum
374 861 617 946 obtinuerunt,
642 856 832 952 palloribua
857 868 1105 948 manentibus,
1130 881 1169 934 et
1192 861 1232 937 in
1246 863 1351 938 offitio

149 955 447 1051 continuantibua.
499 956 583 1026 Duo
614 953 754 1051 quidem
785 958 879 1049 capti
915 955 1014 1045 sunt,
1058 978 1099 1029 et
1127 960 1169 1030 in
1191 981 1353 1034 carcerem

148 1055 326 1152 comedi,
352 1051 430 1140 sed,
455 1048 554 1123 millo
579 1048 718 1123 Pastore
738 1050 797 1123 suo
822 1053 958 1124 Galatio
975 1056 1020 1124 ad
1039 1050 1183 1147 Regem
1209 1056 1350 1143 Galliae,

149 1174 189 1228 ut
212 1156 459 1234 liberarentur,
492 1166 528 1218 et
551 1142 614 1218 fibi
642 1145 782 1218 libertas
802 1146 985 1243 religionis
1010 1147 1287 1244 relinqueretur,
1323 1171 1354 1222 et

145 1250 339 1325 Primor'um
354 1243 503 1331 Galliae,
523 1242 584 1337 qui
603 1238 702 1334 ipsis,
719 1264 911 1340 eorumque
927 1241 1112 1340 religioni,
1135 1249 1224 1320 bene
1240 1248 1354 1342 cupie-

146 1348 251 1432 bant,
292 1339 384 1415 nabii
416 1337 713 1426 interceffionem,
754 1335 972 1431 inpetrarunt
1004 1363 1026 1412 a
1057 1340 1165 1437 Rege
1195 1366 1226 1416 a.
1253 1364 1352 1434 1571.

140 1441 292 1527 litterar,
317 1459 381 1532 pro
399 1432 694 1507 incarceratorum
721 1431 940 1524 dimiffione,
963 1451 1002 1505 et
1024 1434 1194 1510 libertate
1215 1440 1349 1534 religio·

143 1538 210 1614 nia.
257 1532 407 1606 Laniena
430 1553 520 1602 vero
543 1527 713 1603 Parisrensr
738 1552 769 1603 a.
799 1549 905 1622 1572.
932 1527 1044 1619 fasta,
1064 1530 1164 1625 juffit
1190 1533 1270 1607 Rex
1295 1555 1352 1630 per

140 1633 273 1707 litterar
306 1624 540 1702 Gubernatori
567 1625 710 1716 Biraco,
750 1644 788 1698 ut
820 1623 918 1697 istius
949 1625 1134 1721 religionis
1157 1629 1352 1725 praecipue

140 1727 218 1805 illia
238 1726 276 1801 in
299 1724 505 1819 regionibur
530 1744 614 1794 mox
637 1721 841 1809 occideret3
872 1718 931 1793 sed
956 1743 1016 1812 re,
1044 1745 1251 1799 convocato
1275 1747 1349 1798 con·

140 1827 244 1913 cilio,
284 1823 321 1894 in
359 1815 645 1893 deliberationem
680 1818 971 1891 aGubernatore
1000 1817 1119 1907 milla,
1161 1822 1349 1895 conclusum

140 1920 213 2008 est,
237 1916 399 1994 suadente
425 1911 685 1986 Archidiacono
708 1914 866 1988 Salucae.
904 1933 944 1983 ut
965 1934 1178 2005 caperentur
1201 1935 1347 2006 tantum,

140 2026 211 2093 non
228 2014 497 2097 trucidarentur,
524 2010 638 2081 donec
653 2031 745 2080 nova
764 2006 937 2103 petiissent
954 2032 974 2080 a
991 2008 1097 2106 Rege
1109 2012 1210 2106 jussa.
1236 2016 1306 2087 Scn
1329 2053 1342 2070 ·

138 2114 256 2188 serunt
278 2112 393 2202 itaque
419 2106 532 2202 Regi,
573 2123 607 2174 et
640 2104 781 2197 egregio
815 2106 933 2177 lid-elea
959 2106 1034 2178 illos
1066 2129 1239 2180 ornarunt
1263 2128 1294 2180 te
1322 2108 1344 2166 '-

137 2208 279 2297 moni03
307 2205 382 2297 led,
408 2224 589 2301 antequam
616 2197 748 2271 litterae
775 2203 816 2273 ad
842 2201 978 2292 Regem
1002 2200 1141 2274 delatae
1167 2204 1268 2293 sunt,
1290 2224 1346 2277 uo·

135 2329 183 2380 va
215 2300 352 2398 accepit
379 2302 597 2374 Gubernator
630 2296 788 2368 mandata
825 2297 869 2367 de
900 2295 1141 2390 superioribus
1165 2298 1260 2393 juliia
1286 2320 1345 2372 nou

134 2400 325 2494 implendis,
362 2417 495 2467 tantum
523 2414 561 2466 ut
583 2392 808 2479 adtenderet,
852 2414 896 2464 ne
922 2410 1038 2463 motus
1073 2415 1343 2482 concitarentur,

134 2518 204 2568 nec
232 2489 409 2588 publicum
436 2487 617 2582 religionis
638 2489 845 2560 exercitium
873 2509 1118 2562 renovaretur.
1174 2491 1345 2592 Quaeper

132 2587 423 2665 Marcbionatum
454 2582 630 2676 divulgata
670 2580 851 2679 ingentem
884 2602 1100 2677 pepererunt
1137 2586 1339 2659 consolatio·

128 2692 234 2775 nem,
260 2702 298 2756 et
323 2681 624 2778 tranquillitatem,
659 2679 869 2774 usquedum
900 2701 929 2750 a.
959 2686 1065 2767 1588.
1093 2682 1280 2777 regionem
1301 2678 1339 2753 is·

132 2792 206 2856 tam
238 2779 301 2854 fibi
328 2776 440 2851 rursus
472 2773 705 2852 vindicaverit
732 2775 816 2848 Dur
841 2773 1038 2847 sabaudiae.
1088 2775 1251 2874 Reliquit
1275 2775 1339 2874 qui·

128 2876 211 2952 dem
237 2901 299 2949 eoa
325 2877 406 2948 Dux
434 2875 549 2968 aliquo
578 2891 735 2966 tempore
762 2871 799 2943 in
826 2892 932 2964 pace,
968 2869 1025 2941 sed
1051 2868 1134 2943 dein
1159 2896 1220 2946 eor
1241 2873 1336 2969 parti·

128 2974 194 3066 tim
221 2972 344 3061 coepit
371 2968 587 3052 inminuere,
622 2988 657 3037 et
687 2966 727 3036 ad
761 2966 964 3058 religionem
989 2966 1216 3042 Pontificiam
1242 2969 1338 3043 traus-

126 3067 231 3140 ferre.
259 3066 362 3137 Citati
379 3062 455 3135 sunt
473 3061 649 3157 praecipui
667 3058 838 3132 Ecclesiae
857 3061 1123 3151 Dronierensrt,
1142 3086 1231 3157 quae
1240 3087 1332 3160 egre·

123 3161 184 3259 gie
207 3159 377 3242 florebat,
405 3160 616 3245 Taurinum,
644 3178 788 3251 quorum
814 3155 902 3227 haud
929 3162 1029 3248 pauci
1060 3160 1194 3249 partim
1218 3161 1334 3248 minii,

123 3256 253 3355 partim
289 3252 478 3348 promiffis,
514 3256 556 3328 ad
583 3251 712 3324 millam
737 3249 1020 3346 frequentandam
1055 3255 1212 3347 permoti
1242 3256 1333 3330 suut:

123 3354 216 3449 quod
247 3349 366 3424 fideles
393 3349 531 3445 quidem
564 3344 760 3421 commovit
792 3348 1047 3434 ¹veliementer,
1091 3348 1150 3424 sed
1185 3373 1255 3424 nou
1278 3350 1334 3424 de·

122 3446 302 3528 turbavit,
344 3465 403 3517 aut
430 3446 535 3518 fidem
563 3440 739 3516 inminuit.
787 3438 930 3536 Scriplit
954 3442 1060 3514 etiam
1093 3443 1332 3521 finesnceellu

122 3547 166 3622 ad
192 3565 251 3615 eoa
276 3542 410 3612 litteras
439 3544 603 3636 Princeps
627 3562 656 3611 a.
686 3559 816 3628 1597„
842 3556 880 3607 ut
903 3560 966 3609 eos
988 3540 1031 3611 ad
1053 3539 1245 3620 Ecclesiam
1262 3541 1327 3615 Ro·

120 3662 256 3716 mariam
293 3638 529 3728 compelleret.
586 3631 824 3707 Retinuerunt
854 3632 970 3727 itaque
996 3631 1126 3709 statum
1161 3640 1254 3711 suum
1287 3636 1326 3708 ad

125 3740 236 3813 finem
264 3731 366 3803 seculi
392 3733 516 3827 usque,
561 3731 673 3802 donec
699 3730 733 3800 in
759 3749 887 3800 certam
915 3746 951 3798 et
973 3729 1206 3827 plenissimam
1227 3732 1321 3806 Ducis

119 3829 348 3932 potestatem,
383 3849 469 3918 pace
497 3849 576 3900 cum
600 3826 701 3917 Rege
725 3819 990 3919 Galliaesaela',
1016 3844 1057 3898 ut
1083 3830 1327 3902 modomemo·

118 3926 211 4015 rairi,
230 3924 418 3998 redierint:
437 3908 575 4021 q'uandn
596 3940 731 4009 novae,
750 3916 854 3994 etiam
870 3916 1088 4017 alttoeiores,
1108 3940 1244 3998 exortae
1257 3918 1349 3993 sunt·

119 4022 398 4121 persecutiones,
425 4020 541 4096 seculo
565 4020 740 4118 sequente.

1346 4038 1353 4053 Ο

1112 4054 1147 4209 ι.
1171 4060 1332 4188 mem
