2976 4830
147 622 220 695 spa
534 596 684 692 Hillorls
709 526 836 691 licelis.
861 595 983 691 slirisl.

152 775 367 853 blelchinris
391 774 530 851 Dodior
556 775 627 847 fuit
651 775 846 870 franciscus
868 774 1097 862 Vidistilrya
1120 773 1227 849 natali
1254 771 1371 848 locoiu

153 897 271 969 regno
302 874 510 946 Navariaeo
541 870 589 943 hc
619 873 754 959 dietus,
787 866 1085 944 Ordinis'Piaedi
1141 893 1270 977 prum,
1293 893 1324 943 et
1341 870 1371 941 in

155 970 349 1045 Academia
391 966 649 1041 Salmanticenfi
693 946 942 1075 Theologiael
956 962 1108 1059 Profell'
1143 947 1371 1062 Efficiatur,

156 1086 316 1141 mortuus
347 1086 377 1136 a.
413 1069 517 1153 1546.
551 1062 697 1134 Exstant
731 1065 805 1156 ejus
828 1066 976 1139 laelium
1004 1060 1229 1158 lhesligicae
1251 1068 1311 1137 hot
1330 1064 1367 1133 ti·

154 1162 253 1245 tulo;
278 1160 412 1254 summa
433 1158 717 1265 juramentorum
754 1156 929 1250 Ecclesiae.
973 1142 1154 1231 Peleb'ris
1189 1162 1289 1234 etiam
1317 1156 1368 1229 fuit

158 1257 290 1352 Gaspar
314 1257 530 1339 ciiiari'rus,
562 1255 691 1327 nubtiis
713 1254 897 1343 Venetus,
924 1272 964 1326 ct
981 1254 1209 1343 cardinalis,
1231 1253 1368 1350 amplr'li'i·

156 1377 225 1429 mis
250 1352 490 1447 legationibus
515 1347 665 1423 illustris.
713 1347 842 1424 Missus
866 1372 885 1422 a
908 1349 1018 1422 Paulo
1047 1351 1115 1422 111.
1144 1351 1234 1443 Papa
1251 1352 1372 1447 legatus

156 1451 202 1525 ad
225 1447 375 1519 comitia
405 1443 672 1538 Ratifponenfia
705 1444 798 1517 viliis
829 1443 881 1518 est
914 1443 1208 1519 Protestantibus
1228 1445 1314 1518 nimis
1334 1467 1368 1521 a·.

156 1546 281 1620 cerbus
312 1558 349 1613 et
384 1541 564 1636 pertinax,
593 1540 652 1613 led
685 1539 948 1614 catholicorum
977 1540 1128 1633 judicio
1152 1542 1253 1614 nimis
1275 1539 1367 1627 ienis,

185 1636 218 1709 ui
253 1635 360 1710 nimis
392 1637 431 1710 iii
460 1637 606 1732 gratiam
631 1635 901 1710 Protestantium
927 1636 1126 1723 remiserat
1150 1639 1199 1710 de
1229 1637 1294 1711 fide
1314 1637 1369 1707 Ca·

204 1733 304 1807 ulica.
352 1732 444 1806 lllud
465 1754 588 1804 rerum
614 1728 685 1820 est,
709 1729 820 1823 ipsum
845 1730 952 1805 fidem
971 1734 1193 1807 catholicam
1211 1735 1295 1806 bene
1312 1731 1368 1805 effe

159 1835 314 1917 tultum,
337 1829 393 1901 fed
419 1827 662 1899 moderatioris
687 1824 790 1898 fuisse
811 1827 943 1914 animi,
969 1848 1140 1903 mortuus
1158 1826 1212 1901 est
1227 1854 1258 1904 a.
1278 1850 1369 1918 1541.

160 1926 307 2021 Scripsit
330 1922 372 1995 dc
398 1921 651 1995 inmortalitate
676 1926 822 2012 mentis,
848 1924 894 1996 de
910 1925 1044 2016 septem
1064 1924 1311 2011 sacramentis,
1334 1927 1369 1996 de

158 2018 424 2129 justificatione,
449 2018 562 2090 libero
579 2017 749 2101 arbitrio,
769 2039 808 2091 et
828 2016 1179 2113 praedestinatione,
1203 2019 1326 2093 scholia
1338 2041 1367 2091 e·

161 2126 248 2197 tiam
283 2116 321 2189 in
354 2112 514 2209 epislnlas
544 2114 658 2187 Pauli:
691 2111 844 2211 denique
874 2114 921 2186 de
951 2113 1139 2208 potestate
1171 2117 1285 2212 Papae
1312 2136 1366 2188 etc

163 2240 206 2293 ac
230 2217 334 2288 dere
387 2212 473 2282 blica
500 2209 733 2281 Venetorum.

211 2234 404 2408 pfflffi.
431 2306 584 2378 Allrrrus
609 2305 767 2398 Pighius,
791 2305 919 2379 nobilis
946 2307 1157 2400 Campensis
1182 2308 1226 2382 iii·
1247 2304 1366 2380 Trans·

161 2406 307 2489 salaria,
334 2399 629 2488 Mathematicus,
643 2422 754 2493 aeque
768 2420 812 2472 ac
827 2402 1055 2495 Theologus,
1075 2403 1253 2487 eximius,
1272 2407 1366 2476 tribus

161 2501 266 2594 Papis
284 2498 464 2567 Hadriano
480 2494 569 2577 Vl.‚
589 2496 765 2567 Clementi
785 2496 821 2567 V
824 2498 869 2569 ll.
881 2516 950 2585 ,et
968 2498 1073 2571 Paulo
1093 2500 1165 2572 111.
1185 2499 1228 2572 ad
1243 2521 1364 2581 manus,

161 2618 199 2670 et
232 2597 273 2665 ab
304 2590 348 2664 iis
379 2589 420 2661 ad
452 2589 644 2683 graviffimi
673 2590 850 2664 adhibitus
874 2594 1036 2684 negotia,
1066 2599 1218 2668 tandem
1239 2601 1366 2690 adeptus

162 2686 430 2793 praeposituram
463 2684 727 2778 Ultrajeciinam
759 2688 801 2759 ad
832 2688 867 2761 S.
897 2687 1119 2784 Johannem,
1160 2715 1316 2765 mortuus
1340 2713 1366 2762 a.

164 2811 297 2878 isia,
322 2780 474 2878 scripsit,
501 2802 637 2873 praeter
669 2779 874 2877 astrologica
907 2800 949 2852 et.
975 2786 1248 2873 mathematica,
1277 2808 1309 2859 ut
1330 2790 1362 2854 de

163 2886 303 2960 ratione
332 2877 580 2952 celebrationis
606 2875 798 2971 paschatit,
830 2876 1049 2951 restitutione
1084 2880 1290 2955 Kalendarir¹
1312 2880 1361 2950 Ec·

164 2975 340 3055 ¹clesiaslici
357 2995 448 3059 etc.,
474 2975 579 3044 libros
598 2973 842 3065 Theologicns-
850 2974 895 3044 de
911 2974 1098 3047 hierarchia
1117 2976 1366 3072 Ecclessuslici,

165 3072 212 3150 de
237 3073 454 3163 componendis
474 3066 612 3164 diffidiis
634 3071 820 3161 religionis,
846 3073 883 3141 dr
904 3070 1001 3141 libero
1024 3075 1171 3148 arbitrio
1186 3093 1219 3147 er
1235 3079 1363 3169 gratia,

166 3174 204 3244 dt
236 3166 420 3262 praecipuis
454 3161 672 3256 courrourrfiis
705 3182 775 3237 etc.
814 3162 965 3255 Jacubus
1001 3165 1199 3260 Latonius„
1237 3174 1364 3244 flantiu-

166 3263 314 3347 nienfis,
355 3278 392 3330 ei
434 3260 607 3334 Professor
650 3259 870 3356 Theologiae
907 3261 1159 3352 Louaniensis,
1195 3266 1367 3340 acerrimus

164 3358 331 3445 Lutheri,
361 3355 458 3451 cujus
486 3362 652 3466 tempore·
669 3353 811 3441 floruit,
845 3356 1078 3444 adversarius,
1106 3363 1286 3436 celebrem
1310 3358 1365 3431 sse

166 3454 305 3548 seriptis
335 3473 407 3548 pro·
434 3451 613 3525 Catholica-
643 3451 817 3546 religione
841 3468 961 3523 contra
986 3453 1211 3548 Lutherum,
1237 3456 1365 3551 aliosque

164 3551 435 3633 reformatores,
469 3545 667 3642 praestitit3
700 3567 814 3618 morte
849 3548 981 3639 tragica
1014 3550 1181 3644 abreptus
1218 3577 1248 3630 a.
1279 3574 1365 3642 1544·

164 3651 380 3745 Linguarum
398 3644 531 3732 Hebr.,
551 3663 587 3713 et
607 3641 780 3731 Graecae,
799 3641 985 3736 inperitus,
1006 3644 1249 3723 scholasticam
1262 3650 1363 3721 Theo·

165 3744 315 3843 logiam,
346 3738 443 3833 cujus
474 3735 641 3812 studiosus
675 3735 769 3827 luit,
799 3736 1060 3834 praeferendam
1096 3745 1171 3817 else
1199 3738 1363 3821 contendit

163 3847 359 3939 linguarum
388 3835 511 3910 studio.
561 3834 601 3904 lu
625 3831 770 3908 tradiatu
796 3835 840 3907 de
856 3831 1008 3921 Ecclrfis
1023 3859 1175 3929 poenam
1196 3842 1365 3939 capitalem

163 3935 421 4021 haereticorum
459 3950 528 4001 nori
556 3947 690 4000 tantum
714 3927 889 4016 defendit,
916 3930 971 4002 sed
995 3950 1033 4003 et
1057 3932 1236 4013 Ecclesiae
1259 3932 1366 4012 tribuit

151 4022 396 4171 :powg
413 4021 602 4123 Principes
615 4023 781 4157 privandi
795 4021 1074 4167 dominicium..
1096 4031 1239 4113 similis
1253 4032 1367 4110 haiae

28 4246 237 4516 q
1273 4128 1371 4203 ω
