3022 4806
154 643 204 714 ,ο
477 665 478 669 ¹
540 615 690 720 Ilistuiiu
714 615 839 719 Erilis.
865 601 984 718 Christ}

168 800 223 877 nis
246 794 526 874 vindicabantur.
578 798 717 897 Quibus
739 802 846 873 rebus
869 822 948 873 curn
976 799 1110 875 Tonias
1130 796 1200 876 sese
1225 817 1385 899 oppone·

165 916 241 986 iet,
274 895 356 969 Reii
389 896 522 992 ipsum,
562 899 763 992 ceterosque
799 894 1013 993 Episcopus,
1051 901 1269 971 convocavit
1298 895 1385 992 apud

166 990 516 1069 Westmonasterium
541 1017 571 1066 a.
601 1000 732 1088 1163.,
757 994 886 1090 eosque
904 994 1065 1088 rogavit,
1091 993 1169 1089 posi
1188 994 1322 1090 ailquas
1344 998 1385 1066 de

163 1091 243 1190 jure
266 1088 367 1184 regio
392 1109 429 1159 et
464 1088 624 1163 libertate
648 1088 824 1163 Ecclesiae
854 1087 1127 1184 disputationes,
1169 1108 1252 1161 nuin
1279 1093 1385 1184 regius

167 1184 353 1261 observare
379 1185 508 1258 vellent
539 1184 802 1280 cupierudiurr?
836 1184 970 1258 Tomai
992 1184 1054 1258 suo
1069 1203 1105 1256 et
1130 1185 1385 1280 Episcopurum

165 1279 311 1356 nornine
336 1281 534 1373 respondit,
574 1285 610 1355 se
635 1282 725 1354 velle
750 1278 848 1378 salvo
870 1282 977 1354 ordine
1004 1280 1087 1370 su03
1128 1300 1198 1354 uno
1223 1281 1385 1373 Hilario,

168 1373 353 1452 Cestriensi
379 1378 557 1472 Episcopo
591 1395 762 1472 excepto,
797 1377 856 1474 qui
888 1375 1089 1468 declaravit,
1124 1377 1159 1449 se
1192 1377 1285 1451 velie
1308 1381 1385 1453 buria

162 1473 243 1570 fidi.
291 1470 391 1569 Quae
415 1471 586 1546 restitutio
617 1472 712 1569 Regi
736 1471 915 1571 displicuit
947 1494 1018 1545 non
1045 1491 1200 1559 tanturn,
1241 1474 1302 1546 sed
1332 1493 1385 1566 et,

73 1645 77 1648 .
164 1591 249 1643 curn
276 1567 426 1641 Tomam
451 1591 662 1664 permovere
695 1591 767 1643 non
798 1568 935 1665 posset,
967 1567 1055 1643 iram
1090 1565 1310 1658 concitavit,
1342 1569 1385 1646 iti

169 1682 212 1737 ut
232 1662 467 1754 munitiones,
491 1687 527 1737 et
546 1666 718 1753 honores,
746 1663 905 1755 Tomae,
932 1685 1011 1737 cum
1029 1661 1115 1738 esset
1131 1665 1385 1757 Cancellariiit¹

165 1757 385 1849 commissor,
426 1758 622 1850 abstulerit,
665 1780 704 1832 et
733 1759 840 1834 iratus
872 1759 1073 1835 discesserit.
1129 1757 1270 1833 Detulit
1304 1783 1385 1838 mox

157 1854 299 1929 Tonas
330 1855 483 1949 querelas
508 1854 550 1930 ad
575 1856 725 1952 Papam,
768 1855 828 1953 qui
852 1856 962 1953 ipsum
993 1855 1032 1930 in
1054 1853 1234 1952 proposito
1258 1857 1385 1932 confir·

167 1950 292 2026 mavit.
343 1951 500 2039 Interea,
527 1950 598 2045 siue
631 1949 829 2043 responsum
852 1952 978 2046 uPapa
999 1950 1156 2024 nondum
1181 1957 1385 2048 receperit,

167 2045 240 2120 five
258 2064 373 2133 metu,
399 2045 612 2142 aliorumque
635 2044 805 2137 consiliis,
825 2067 862 2121 et
878 2045 1196 2137 adhortationibus,
1221 2055 1385 2146 compul-

163 2141 240 2234 sus,
278 2139 313 2216 se
342 2142 437 2240 Regi
471 2141 709 2236 praestiturum
744 2141 978 2218 obedientiam
1010 2141 1180 2239 promisit.
1230 2141 1384 2244 Quando

164 2241 249 2314 Rex
279 2244 475 2335 generalem
503 2241 664 2314 ordinum
689 2258 903 2314 conventum
933 2237 1179 2313 clarendunam
1204 2260 1384 2319 convoca·

163 2335 221 2409 vit
247 2357 276 2409 a.
305 2341 432 2424 1164,
460 2336 471 2406 i
521 2357 589 2429 quo
608 2334 741 2404 Tomas
766 2357 845 2406 cuni
870 2331 1051 2428 Episcopis
1070 2333 1211 2408 coactus
1227 2334 1281 2408 est
1300 2362 1383 2433 pro·

162 2431 329 2516 mittere,
372 2429 406 2501 se
440 2429 496 2500 Re
523 2428 552 2517 ir
582 2425 852 2503 consuetudines
886 2431 968 2501 buna
997 2429 1066 2524 fide
1107 2429 1380 2512 observaturum.

161 2523 281 2624 Quare
303 2520 380 2595 illae
401 2544 483 2595 mox
507 2520 549 2596 ad
575 2518 729 2596 sedecim
753 2525 906 2621 capitula
924 2524 1081 2598 redactae
1098 2544 1135 2597 et
1158 2525 1381 2624 conscriptae

162 2622 261 2707 sunt,
299 2616 391 2690 inter
416 2641 503 2714 quae
529 2615 647 2691 erant:
690 2636 728 2691 ut
759 2620 933 2695 Ecclesiae
963 2620 1008 2692 de
1038 2621 1144 2694 feudo
1170 2621 1284 2717 Regis
1309 2627 1382 2702 fine

162 2717 239 2829 ejus
262 2713 483 2786 concessione
506 2735 578 2785 non
605 2713 789 2804 darentur,
830 2714 868 2789 iit
892 2715 1038 2805 Clerici,
1079 2741 1098 2789 a
1130 2714 1231 2811 regio
1257 2720 1381 2815 Judiee

159 2812 287 2900 citati,
323 2810 356 2884 se
382 2807 558 2897 sisterent,
595 2810 753 2904 nulquue
770 2811 953 2885 facinorosi
986 2815 1026 2885 ab
1050 2813 1202 2886 Ecclesia
1234 2815 1380 2894 defendi

162 2907 321 3004 possent,
349 2904 552 3000 Episcopii,
580 2905 649 2978 sine
675 2904 785 3002 Regis
808 2908 1151 3004 consensu,Regn0
1178 2906 1280 2983 exire
1303 2938 1376 2992 nori

161 3007 305 3089 liceret,
342 3003 450 3073 nullus
490 3021 588 3074 entra
614 3004 777 3101 Regnum
816 3006 1031 3098 adpellaretur
1061 3002 1174 3100 Judeir
1203 3004 1274 3078 sine
1305 3011 1378 3085 Re.

158 3101 216 3201 gis
238 3095 398 3170 adsensu:
427 3116 623 3192 praeterea,
650 3120 687 3172 ut
713 3098 1001 3196 Archiepiscopi‚
1027 3100 1214 3195 Episcopi,
1239 3119 1276 3174 et
1300 3105 1377 3183 uni·

162 3198 285 3272 versae
312 3193 480 3286 personae
507 3194 647 3290 Regni,
673 3193 711 3267 in
737 3196 978 3290 possesionem
1008 3197 1232 3271 mitterentur
1254 3223 1274 3272 a
1301 3202 1374 3278 Re·

188 3316 228 3385 e,
268 3306 305 3359 et
330 3288 374 3359 de
398 3287 470 3382 ejus
502 3313 605 3362 manu
640 3291 840 3383 acciperent
872 3289 1133 3378 investituram,
1180 3311 1217 3366 ut
1241 3297 1376 3377 reditus

157 3317 251 3467 fedis
282 3383 438 3459 vacantis
479 3385 648 3458 cederent
678 3385 801 3478 Regi,
846 3405 1006 3482 tanquam
1038 3391 1185 3460 domitrici·
1218 3392 1375 3486 reditus,

159 3508 230 3561 nec
253 3503 342 3554 nova
367 3481 471 3552 fieret
503 3479 647 3570 elessio,
680 3480 741 3554 nisi
769 3484 848 3558 Reii
873 3484 1029 3578 potiores
1053 3484 1269 3558 mandaverit
1294 3514 1376 3587 per.

157 3581 278 3665 sonas,
307 3577 477 3671 fieretque
504 3574 633 3649 erectio
659 3575 695 3649 in
718 3581 854 3676 Capella
876 3579 1006 3677 Regis,
1046 3581 1185 3676 ejusque
1208 3582 1373 3680 adsensu,

153 3695 216 3766 et,
260 3671 322 3749 nili
347 3672 474 3746 eiectus
500 3672 702 3767 homagium
732 3694 768 3748 et
792 3675 996 3750 fidelitatem
1029 3674 1180 3773 praestet
1211 3679 1373 3758 Domino

157 3772 278 3871 Regi,
312 3769 397 3843 sicut
425 3767 511 3864 ligio
537 3767 693 3845 Domino
720 3770 800 3859 suo,
824 3792 896 3844 non
922 3772 1191 3848 consecraretur.

205 3869 235 3973 5.
262 3864 466 3941 LXXVIII.
514 3860 651 3965 Quibus
693 3863 998 3944 consuetudinibus
1039 3869 1196 3965 quamvis
1236 3870 1372 3958 Tomis

154 3987 236 4047 cum
261 3961 444 4062 Episcopii
468 3983 570 4048 mox,
597 3960 688 4055 quod
713 3961 793 4034 Reii
819 3961 976 4056 volebat,
1003 3966 1214 4043 subscribere
1239 3972 1370 4052 abnue·

128 4063 227 4199 ⁸tlt,
265 4081 347 4141 cuni
369 4075 485 4139 tamen
510 4078 567 4136 eas
589 4057 662 4194 sine
691 4055 904 4157 exceptione
926 4063 1160 4142 adsumturuin
1184 4064 1253 4144 elie
1274 4069 1370 4168 jura·

1313 4186 1373 4250 tus

794 4369 818 4406 Ι
