2976 4830
172 595 246 673 ως
557 576 711 676 ffissoriu
732 573 866 676 Beros.
890 574 1017 678 Clrr'st.

178 766 273 847 lund
306 761 457 836 obscure
488 758 668 833 elucescit.
720 755 842 831 Venit
865 754 986 854 itaque
1009 780 1060 832 eo
1085 758 1210 858 Papa,
1231 784 1311 843 non
1335 765 1429 865 spou-

179 890 220 941 ιι
273 860 333 934 sed
366 857 523 932 emero
571 855 710 930 lndixit
742 852 928 954 synodum
965 854 1170 948 Mantuae,
1202 864 1267 938 cui
1299 886 1378 940 cum
1397 864 1429 940 se

182 920 421 1040 fr’edericus,
453 955 539 1026 Dux
571 952 766 1042 Mantuae,
801 971 1007 1046 opponeret
1019 1005 1044 1062 ,ι
1056 951 1185 1026 saltem
1212 977 1254 1032 ut
1305 982 1429 1036 raeten·

180 1058 237 1132 dit
259 1058 372 1149 Papa,
397 1049 607 1121 licentiam
630 1047 738 1145 elegit
761 1048 882 1155 locum
906 1047 1045 1158 Synodr
1069 1070 1104 1122 a
1127 1074 1244 1160 {537-
1270 984 1426 1133 iamn-

182 1156 219 1229 12
248 1152 294 1223 ad
323 1144 504 1220 historiam
527 1147 656 1218 horum
679 1141 916 1218 conaliomm
946 1163 1175 1254 peftmftrna
1210 1157 1429 1249 reperiuntur

186 1251 229 1324 in
259 1243 432 1319 Biblioth.
466 1238 646 1313 Bremenfi
677 1237 770 1314 class.
795 1237 925 1325 Vnt,
947 1239 1009 1313 uhr
1032 1261 1145 1316 enam
1170 1247 1274 1324 class.
1300 1251 1346 1327 V.
1371 1274 1433 1326 ex·

186 1343 283 1422 llaut
310 1342 451 1413 liuerae
474 1334 628 1432 Angliae
660 1336 797 1434 Regii,
820 1352 861 1408 et
884 1335 1123 1446 Parsameuti,
1147 1339 1202 1414 de
1225 1345 1299 1421 hoc
1319 1348 1429 1444 Papae

188 1435 393 1537 propofito,
419 1431 546 1528 quibua
565 1432 651 1545 illud
668 1437 797 1506 acerbe
812 1427 1076 1529 perſtringitur.
1132 1437 1327 1556 Denique,
1349 1469 1425 1562 cum

186 1546 574 1714 smil?
597 1526 1280 1736 diffirmando
1302 1541 1430 1734 §slis

187 1718 420 1800 celebrandae
443 1721 606 1793 recenset
628 1718 764 1809 causas,
791 1743 824 1792 r.
850 1718 937 1794 fider
963 1720 1210 1803 firmanouem
1235 1751 1273 1804 ι.
1291 1753 1426 1815 morum

187 1818 487 1896 reformationem
515 1837 550 1909 3.
570 1816 798 1910 Principum,
825 1832 865 1888 et
882 1818 1124 1926 populorum,
1148 1823 1426 1912 Christianorum

189 1916 383 2000 unionem,
408 1931 446 1984 et
461 1915 687 1985 barbarorum
703 1935 746 1986 ac
758 1909 951 1986 infidelum
967 1917 1294 2010 propulsationem.
1342 1930 1424 2007 Pon·

190 2010 316 2088 ciliciis
349 2006 494 2104 quidem
530 2007 614 2080 illud
648 2007 719 2081 suit
738 2009 782 2082 ad
808 2007 984 2117 palatum,
1008 2009 1070 2084 scd
1092 2033 1168 2090 tlon
1197 2018 1420 2104 Protestmti·

191 2112 280 2196 bus,
305 2104 366 2203 qui
391 2106 539 2177 liberum
563 2105 731 2176 volebant
756 2105 968 2191 cononum,
993 2126 1064 2179 nec
1085 2129 1108 2181 a
1130 2111 1230 2208 Papa
1246 2117 1421 2219 madium,

193 2227 262 2282 nec
290 2202 329 2275 in
361 2204 449 2273 urbe
480 2203 515 2273 ei
552 2196 714 2295 subjetta
763 2200 882 2273 Dilata
905 2200 1137 2278 nihilominus
1160 2207 1270 2287 estS
1322 2219 1422 2315 odor,

222 2317 346 2395 rupter
378 2295 472 2368 varia
503 2295 699 2382 obstacula,
731 2296 905 2392 usquead
931 2319 962 2371 a
992 2318 1122 2390 1545„
1174 2327 1226 2378 uo
1283 2311 1291 2324 '
1338 2321 1422 2412 ιμ’.

193 2327 390 2474 iletembt·
423 2391 537 2486 prima
561 2390 630 2462 snit
653 2389 769 2464 habita
792 2390 903 2465 sessio.
954 2394 1023 2467 Sed
1048 2416 1117 2470 nec
1195 2423 1221 2474 e
1245 2402 1418 2513 interrup·

193 2491 317 2575 tione,
341 2507 410 2557 nec
435 2509 506 2557 uno
529 2485 727 2581 eodemque
749 2487 789 2560 in
811 2488 914 2575 loco,
939 2489 1173 2570 continuavit.

241 2579 418 2682 tntv.
451 2582 582 2676 Coepit
616 2581 781 2671 Tridenti,
812 2604 904 2681 quae
933 2585 1109 2661 Rhaetiae
1138 2589 1195 2667 est
1232 2599 1340 2694 urbe,
1370 2599 1424 2680 sul

193 2681 359 2764 clientela
388 2675 625 2788 superatorir,
667 2695 834 2775 tanquam
864 2680 1020 2756 Comitis
1052 2682 1194 2793 Trroli,
1229 2692 1362 2793 Episco
1385 2723 1420 2776 ur

192 2803 286 2855 vero
318 2777 508 2850 inmedtate
538 2771 652 2848 subest
684 2775 819 2870 Papae,
843 2791 882 2847 et
912 2777 996 2852 odo
1018 2800 1155 2873 primae
1178 2784 1347 2868 seffiouer
1361 2725 1420 2872 ia·

194 2880 291 2954 bitae
320 2875 419 2959 sunt,
452 2871 592 2966 quando
621 2894 653 2944 a
688 2894 794 2965 1547·
828 2870 933 2962 inde,
965 2875 1013 2948 ob
1043 2879 1211 2956 morbum
1242 2907 1313 2963 con
1373 2891 1418 2967 ‘u-

197 2974 297 3060 sum,
328 2989 367 3043 ut
390 2969 704 3064 praetendebatur,
730 2968 847 3040 verint
870 2987 909 3040 ut
932 2973 1064 3066 Papae,
1088 2973 1240 3085 ejusque
1263 2982 1318 3056 dir
1372 2989 1419 3062 10.

195 3071 257 3155 ni,
289 3063 412 3138 melius
443 3061 697 3147 consuleretur,
723 3061 885 3138 transsata
907 3066 977 3154 est,
1000 3087 1193 3146 autoritate
1219 3077 1339 3176 Papae
1361 3107 1420 3182 per

196 3167 372 3257 Legatos,
405 3158 573 3231 consensu
606 3159 835 3254 plurimorum
868 3162 1003 3256 Synodi
1026 3164 1299 3266 suffragiorum,
1323 3180 1419 3255 Bm.

199 3265 312 3345 rriurr,
337 3256 397 3326 ubi
424 3274 493 3325 tres
514 3253 654 3328 suerunt
680 3255 860 3345 sessiones,
884 3259 918 3329 iu
943 3259 1067 3354 quibus
1088 3261 1181 3339 nihil
1204 3267 1416 3352 fereadum

203 3354 275 3438 est,
302 3350 381 3448 quia
403 3372 467 3422 nec
485 3349 640 3440 Caesari,
666 3373 733 3423 nec
748 3352 917 3462 Hispanis
934 3355 1140 3451 Episcopir,
1160 3363 1302 3458 placuit
1318 3373 1417 3448 trans·

198 3451 296 3528 latio.
347 3450 518 3521 Oratores
541 3469 679 3544 quoque
705 3446 856 3522 Caesarrr
878 3469 1002 3525 contra
1026 3473 1102 3527 orm
1120 3463 1313 3553 protestati
1328 3468 1418 3561 sunt,

199 3565 240 3621 et
264 3541 431 3637 Episcopi
457 3544 504 3616 illi
528 3545 724 3616 manserunt
750 3542 924 3620 Trident‘t
972 3547 1056 3647 Quo
1080 3551 1208 3629 Paulos
1222 3581 1339 3638 motor
1355 3565 1414 3640 sus·

200 3642 327 3742 pendit
350 3639 562 3729 concilium,
587 3661 625 3712 et
650 3638 884 3715 Tridentinus
906 3662 1015 3738 aeque
1035 3665 1077 3718 ac
1097 3648 1409 3736 Bononienseth-

201 3761 288 3812 inam
318 3737 511 3825 evocavit,
544 3736 587 3809 ad
612 3733 786 3809 Ecclesiae
808 3736 1025 3833 disciplinam
1048 3742 1296 3831 ordinandam,
1385 3781 1406 3830 ο

200 3837 241 3909 in
273 3829 363 3903 statu
389 3853 443 3904 rer
467 3830 589 3906 mansrt
612 3832 653 3903 ad
677 3832 815 3905 obitum
841 3831 934 3910 Pausi
956 3837 1022 3910 111.
1054 3837 1173 3938 usque.
1199 3848 1312 3943 Julius
1330 3853 1344 3925 l
1362 3854 1408 3944 t,

199 3924 373 4004 successor
396 3929 489 4023 ejus,
515 3949 554 4002 ut
576 3926 710 4003 Caesari
732 3927 962 4021 satisfaceret,
988 3952 1026 4007 et
1036 3934 1307 4039 juramentum,
1328 3951 1412 4049 quod

199 4045 325 4102 recens
345 4024 477 4108 electus
500 4027 654 4119 fecerat,
684 4023 897 4124 praestate,
920 4032 1109 4111 revocavit
1133 4033 1349 4139 soknim,
1372 4047 1420 4122 di·

79 4148 308 4472 ἢ
726 4190 738 4207 2
1018 4253 1021 4258 ι
1269 4144 1416 4248 psomate
