3022 4806
125 601 200 682 286
515 583 667 688 ffisloria
688 582 816 686 Ecrlrs.
840 583 955 686 curm.

134 772 196 873 qui
223 769 428 869 Principum
452 787 489 844 et
506 768 740 845 Praelatorum
765 765 924 842 favorem
950 761 1015 842 fibi
1033 761 1286 863 conciliabant,
1311 778 1362 849 εἰ

136 873 203 962 lior
228 870 467 968 spernebant,
499 863 630 961 solique
654 866 689 938 iu
711 861 875 939 Ecclefiis
900 861 1072 938 dominari
1096 866 1272 941 uolebant.
1308 887 1345 957 5.

138 968 332 1056 Crudeles,
357 963 416 1058 qui
442 983 583 1050 omnes,
608 960 786 1033 autoritati
802 976 839 1032 et
866 957 1049 1034 ambitioni
1067 959 1144 1035 suae
1164 959 1349 1055 aduersos,

136 1086 160 1138 e
183 1063 300 1137 medio
321 1062 508 1146 tollebant,
533 1079 604 1128 non
630 1056 767 1150 quidem
785 1054 868 1150 ipli,
894 1056 953 1129 sed
970 1055 1116 1130 brachio
1133 1055 1273 1130 seculari
1289 1074 1350 1130 oc·

138 1160 310 1232 cideudos
332 1154 523 1227 tradebant.
557 1160 590 1224 ό.
616 1151 855 1225 Praecursorer
876 1149 1036 1249 adeoque
1053 1148 1286 1243 Antichrilti,
1311 1168 1349 1229 et

139 1253 235 1351 srgna
259 1247 471 1347 praenuncia
503 1247 767 1321 nouiffimorum
791 1265 1014 1343 temporum,
1039 1247 1117 1339 vel,
1143 1265 1183 1320 ut
1203 1246 1351 1344 populus

138 1352 230 1443 apud
256 1349 477 1420 Matthaeum
509 1341 759 1432 Parifiensem,
792 1362 853 1416 eos
878 1341 1122 1439 nuncupavit,
1155 1342 1350 1440 Antichrr'jli

132 1444 356 1544 successores,
390 1439 520 1531 Regum
552 1456 583 1512 et
615 1438 803 1530 Principum
834 1439 1016 1512 adulatores
1044 1455 1078 1510 et
1102 1438 1348 1532 constructores,

141 1542 374 1613 ordinariorum
401 1551 607 1608 contemtores
634 1552 667 1606 et
684 1534 982 1628 supplantatores,
1014 1533 1231 1609 thalamorum
1256 1557 1350 1629 rega·

139 1640 221 1711 lium
230 1633 490 1732 subintrutorer,
509 1626 732 1725 corrfcffionum
748 1633 1049 1724 praevaricatores,
1076 1634 1133 1725 qui
1143 1686 1153 1714 ,
1169 1650 1349 1728 peragras·

143 1753 193 1808 trs
209 1735 339 1826 ignotos
361 1729 564 1823 prouincias,
586 1725 742 1819 peccandi
765 1727 934 1797 audaciam
944 1724 1256 1823 subministrabunt.

188 1827 220 1926 q.
245 1823 454 1900 CCXLVlI.
481 1822 561 1893 Hac
586 1818 816 1893 contentione
832 1820 873 1893 ad
891 1822 1015 1916 Papam
1033 1822 1273 1897 Alexandrum
1289 1820 1355 1901 IV.

142 1927 311 2019 utrinque
337 1920 477 2004 delata,
510 1915 688 1988 damnavit
716 1914 858 2011 quidem
883 1915 973 2010 Papa
995 1933 1178 1992 aeternum
1206 1940 1356 2015 euange-

143 2024 250 2106 lium,
277 2016 332 2091 vel
356 2014 430 2109 ejus
454 2011 732 2098 introdullr'orteor,
756 2008 1121 2105 supramemoratam,
1145 2012 1294 2100 sedita,
1319 2028 1357 2093 ut

135 2118 286 2218 secreto,
312 2129 343 2185 et
362 2109 395 2201 ſs
415 2109 494 2207 fieti
527 2105 641 2205 postis,
667 2104 731 2193 fine
745 2105 900 2201 fratrum
914 2104 1075 2199 scandolo
1097 2111 1356 2201 combureretur,

145 2238 186 2290 ut
210 2215 312 2287 habet
337 2209 539 2282 Matthaeus
563 2202 783 2291 Pariliensss,
816 2202 871 2275 sed
905 2203 1000 2274 srmul
1031 2203 1231 2280 Doctorum
1252 2200 1358 2281 'Pari-

144 2310 303 2385 stenssum
327 2304 453 2376 librum
480 2302 524 2372 de
542 2301 694 2394 perieulis
719 2294 949 2393 norifflmoruru
976 2313 1169 2396 temporum,
1195 2314 1360 2399 tanquam

145 2409 312 2495 iniquum,
342 2395 539 2492 scelellmu,
570 2410 603 2465 et
641 2397 881 2480 execrabilem,
923 2398 1137 2468 continentem
1165 2399 1356 2473 documenta

144 2521 271 2598 praeta,
286 2489 408 2585 falsa,
432 2510 582 2575 emoneo,
609 2502 640 2558 et
667 2485 809 2577 nefasta.
861 2489 1066 2563 Combustus
1100 2512 1277 2586 praeterea
1299 2487 1353 2565 est

145 2596 256 2675 liber,
278 2588 366 2682 juss‘u
390 2586 518 2674 Papae,
543 2605 622 2655 curn
647 2581 682 2654 in
707 2584 800 2658 curia
822 2585 958 2680 Papali,
985 2608 1072 2681 quae
1095 2586 1273 2687 Anagniae
1295 2608 1351 2659 re·

147 2687 299 2776 fidebat,
325 2702 399 2753 tum
424 2677 577 2764 Parion,
601 2699 719 2751 coram
745 2699 819 2752 tota
843 2681 1079 2757 univerl'state.
1133 2684 1218 2759 Nec
1240 2698 1358 2759 umen

148 2801 294 2889 propter
332 2774 486 2851 haerelin
527 2775 704 2845 damnatus
737 2773 788 2846 est
820 2775 938 2860 liber,
972 2799 1093 2852 vetum
1127 2781 1213 2876 quia
1244 2796 1357 2857 contra

148 2877 318 2981 praefatos
354 2868 515 2963 religiosos
531 2867 722 2966 seditionem
747 2888 779 2942 et
793 2870 988 2966 scandalum
1012 2881 1185 2966 orooroat,
1221 2895 1262 2950 ut
1285 2874 1358 2953 Gu-

148 2981 284 3054 lielmus
309 2968 470 3061 Nangius
493 2966 527 3037 in
553 2967 627 3040 uita
652 2968 685 3038 8.
712 2966 910 3057 Ludouici,
934 2988 970 3039 er
995 2970 1029 3040 in
1049 2972 1180 3045 Chron.
1196 2994 1230 3045 a.
1252 2976 1359 3065 ¹25⁶·

150 3071 270 3147 tradit.
327 3061 556 3136 lnterdidlum
604 3080 782 3156 praeterea
822 3061 873 3135 est
915 3064 1126 3153 Gulielmo,
1166 3068 1360 3143 autoritate

149 3159 335 3246 Pontificia
365 3177 401 3231 et
427 3157 556 3253 Regia,
581 3157 734 3231 docendi
768 3156 932 3230 facultate
957 3181 1028 3231 non
1053 3178 1211 3250 tanturn,
1238 3164 1296 3239 sed
1320 3180 1360 3239 ct

151 3260 252 3360 regni
286 3253 449 3330 Franciae
478 3252 599 3326 aditu:
633 3252 776 3346 reliquis
808 3251 1023 3328 Dotloribus
1057 3256 1284 3352 injunctum,
1320 3276 1360 3335 ut

152 3355 413 3437 Praedicatures
444 3369 479 3419 et
511 3349 673 3421 Minores
703 3348 837 3423 Parisiis
867 3349 1067 3441 reciperent
1097 3355 1132 3423 in
1157 3352 1361 3431 societatem

152 3452 423 3536 Academicam,
447 3443 543 3517 fimul
576 3463 614 3515 ut
644 3444 823 3540 sequentes
854 3444 1106 3540 profiterentur
1129 3450 1360 3527 articulos't.

151 3554 352 3628 Romanum
393 3541 599 3617 Pontificem
641 3541 736 3634 polle
775 3543 1031 3637 praedicatores
1071 3562 1108 3615 et
1143 3542 1362 3623 confessores

151 3650 295 3725 mittere
337 3640 466 3734 ubique
515 3658 578 3732 per
615 3637 814 3727 mundum,
856 3636 927 3710 fine
960 3638 1125 3713 consensu
1149 3639 1357 3721 interiorum

151 3739 384 3824 Praelatorum
405 3735 505 3820 ,seu
530 3731 776 3821 parochialium
802 3732 1027 3807 sacerdotum
1054 3756 1085 3809 a.
1111 3731 1238 3809 statum
1262 3758 1359 3814 men·

151 3833 303 3917 dicitatr's
336 3845 480 3925 propter
514 3824 687 3900 Christum
720 3825 789 3900 elie
812 3824 936 3902 statum
964 3828 1075 3903 salutis
1099 3849 1137 3901 et
1160 3832 1357 3943 perfellio·

151 3943 205 4014 nis
230 3958 261 4029 3.
288 3924 484 4021 Religiosos
507 3943 678 4017 pauperes
703 3922 935 3996 mendicando
959 3922 1055 4021 polle
1077 3948 1259 4022 acquirere
1282 3928 1369 4023 rio,

148 4053 244 4124 tum,
268 4025 337 4102 srne
355 4026 471 4101 labore
488 4039 670 4110 manuum,
700 4019 833 4096 etiamst
849 4019 915 4098 fiat
930 4019 1038 4097 ualidi
1055 4043 1230 4119 corpore,
1246 4026 1359 4103 maxi·

301 4298 314 4340 h
