<?xml version="1.0" encoding="UTF-8"?>
<!DOCTYPE html PUBLIC "-//W3C//DTD XHTML 1.0 Transitional//EN"
    "http://www.w3.org/TR/xhtml1/DTD/xhtml1-transitional.dtd">
<html xmlns="http://www.w3.org/1999/xhtml" xml:lang="en" lang="en">
 <head>
  <title>
</title>
<meta http-equiv="Content-Type" content="text/html;charset=utf-8" />
  <meta name='ocr-system' content='tesseract 3.04.00' />
  <meta name='ocr-capabilities' content='ocr_page ocr_carea ocr_par ocr_line ocrx_word'/>
</head>
<body>
  <div class='ocr_page' id='page_1' title='image "./hermannivenemai00venegoog_0181.png"; bbox 0 0 3022 4806; ppageno 0'>
   <div class='ocr_carea' id='block_1_1' title="bbox 217 589 1042 703">
    <p class='ocr_par' dir='ltr' id='par_1_1' title="bbox 217 589 1042 703">
     <span class='ocr_line' id='line_1_1' title="bbox 217 589 1042 703; baseline 0.001 -34"><span class='ocrx_word' id='word_1_1' title='bbox 217 615 286 689; x_wconf 66' lang='lat' dir='ltr'>rra</span> <span class='ocrx_word' id='word_1_2' title='bbox 314 690 321 703; x_wconf 23' lang='grc' dir='ltr'>ι</span> <span class='ocrx_word' id='word_1_3' title='bbox 605 591 753 689; x_wconf 76' lang='lat' dir='ltr'>Historia</span> <span class='ocrx_word' id='word_1_4' title='bbox 776 591 908 692; x_wconf 71' lang='lat' dir='ltr'>Eccles,</span> <span class='ocrx_word' id='word_1_5' title='bbox 927 589 1042 692; x_wconf 73' lang='lat' dir='ltr'>Cirrist.</span> 
     </span>
    </p>
   </div>
   <div class='ocr_carea' id='block_1_2' title="bbox 217 765 1430 1260">
    <p class='ocr_par' dir='ltr' id='par_1_2' title="bbox 217 765 1430 1260">
     <span class='ocr_line' id='line_1_2' title="bbox 217 765 1430 869; baseline 0.003 -24"><span class='ocrx_word' id='word_1_6' title='bbox 217 769 344 869; x_wconf 79' lang='lat' dir='ltr'>duplex</span> <span class='ocrx_word' id='word_1_7' title='bbox 368 788 473 845; x_wconf 81' lang='lat' dir='ltr'>terrae</span> <span class='ocrx_word' id='word_1_8' title='bbox 489 765 626 863; x_wconf 71' lang='lat' dir='ltr'>sardae</span> <span class='ocrx_word' id='word_1_9' title='bbox 652 770 862 868; x_wconf 79' lang='lat' dir='ltr'>descriptio:</span> <span class='ocrx_word' id='word_1_10' title='bbox 894 772 1004 847; x_wconf 87' lang='lat' dir='ltr'>altera</span> <span class='ocrx_word' id='word_1_11' title='bbox 1028 769 1215 865; x_wconf 82' lang='lat' dir='ltr'>frocerior,</span> <span class='ocrx_word' id='word_1_12' title='bbox 1238 798 1259 850; x_wconf 90' lang='lat' dir='ltr'>a</span> <span class='ocrx_word' id='word_1_13' title='bbox 1284 771 1430 849; x_wconf 82' lang='lat' dir='ltr'>Clerico</span> 
     </span>
     <span class='ocr_line' id='line_1_3' title="bbox 217 865 1428 964; baseline 0.002 -23"><span class='ocrx_word' id='word_1_14' title='bbox 217 866 261 941; x_wconf 91' lang='lat' dir='ltr'>ad</span> <span class='ocrx_word' id='word_1_15' title='bbox 287 870 418 940; x_wconf 88' lang='lat' dir='ltr'><strong>calcem</strong></span> <span class='ocrx_word' id='word_1_16' title='bbox 445 865 581 938; x_wconf 87' lang='lat' dir='ltr'>Eusebii</span> <span class='ocrx_word' id='word_1_17' title='bbox 604 885 641 938; x_wconf 90' lang='lat' dir='ltr'>et</span> <span class='ocrx_word' id='word_1_18' title='bbox 665 867 875 964; x_wconf 85' lang='lat' dir='ltr'>Hieronymi</span> <span class='ocrx_word' id='word_1_19' title='bbox 899 867 1080 942; x_wconf 87' lang='lat' dir='ltr'>Onomast.</span> <span class='ocrx_word' id='word_1_20' title='bbox 1106 870 1221 960; x_wconf 88' lang='lat' dir='ltr'>edita,</span> <span class='ocrx_word' id='word_1_21' title='bbox 1245 872 1351 945; x_wconf 85' lang='lat' dir='ltr'>altera</span> <span class='ocrx_word' id='word_1_22' title='bbox 1371 871 1428 944; x_wconf 92' lang='lat' dir='ltr'>in·</span> 
     </span>
     <span class='ocr_line' id='line_1_4' title="bbox 247 960 1429 1059; baseline 0.004 -24"><span class='ocrx_word' id='word_1_23' title='bbox 247 965 363 1051; x_wconf 88' lang='lat' dir='ltr'>urior,</span> <span class='ocrx_word' id='word_1_24' title='bbox 393 962 476 1034; x_wconf 90' lang='lat' dir='ltr'>inde</span> <span class='ocrx_word' id='word_1_25' title='bbox 501 960 718 1035; x_wconf 67' lang='lat' dir='ltr'>confertam</span> <span class='ocrx_word' id='word_1_26' title='bbox 736 962 861 1059; x_wconf 88' lang='lat' dir='ltr'>Antiq.</span> <span class='ocrx_word' id='word_1_27' title='bbox 888 962 1050 1038; x_wconf 76' lang='lat' dir='ltr'>Ledlion.</span> <span class='ocrx_word' id='word_1_28' title='bbox 1076 964 1201 1039; x_wconf 88' lang='lat' dir='ltr'>Canisri</span> <span class='ocrx_word' id='word_1_29' title='bbox 1232 986 1318 1039; x_wconf 88' lang='lat' dir='ltr'>tom.</span> <span class='ocrx_word' id='word_1_30' title='bbox 1354 966 1429 1040; x_wconf 80' lang='lat' dir='ltr'>tv.</span> 
     </span>
     <span class='ocr_line' id='line_1_5' title="bbox 218 984 1429 1168; baseline 0.002 -36"><span class='ocrx_word' id='word_1_31' title='bbox 218 984 384 1155; x_wconf 58' lang='lat' dir='ltr'>flentque</span> <span class='ocrx_word' id='word_1_32' title='bbox 408 1077 532 1151; x_wconf 84' lang='lat' dir='ltr'><strong>agmen</strong></span> <span class='ocrx_word' id='word_1_33' title='bbox 558 1058 691 1130; x_wconf 84' lang='lat' dir='ltr'>claudat</span> <span class='ocrx_word' id='word_1_34' title='bbox 714 1057 863 1152; x_wconf 82' lang='lat' dir='ltr'>Jacobur</span> <span class='ocrx_word' id='word_1_35' title='bbox 884 1058 931 1133; x_wconf 89' lang='lat' dir='ltr'>de</span> <span class='ocrx_word' id='word_1_36' title='bbox 959 1058 1141 1168; x_wconf 77' lang='lat' dir='ltr'>Vorogine,</span> <span class='ocrx_word' id='word_1_37' title='bbox 1174 1062 1252 1150; x_wconf 89' lang='lat' dir='ltr'>seu,</span> <span class='ocrx_word' id='word_1_38' title='bbox 1279 1080 1317 1135; x_wconf 90' lang='lat' dir='ltr'>ur</span> <span class='ocrx_word' id='word_1_39' title='bbox 1342 1061 1429 1149; x_wconf 89' lang='lat' dir='ltr'>alii,</span> 
     </span>
     <span class='ocr_line' id='line_1_6' title="bbox 221 1151 1430 1260; baseline 0.004 -34"><span class='ocrx_word' id='word_1_40' title='bbox 221 1153 400 1248; x_wconf 84' lang='lat' dir='ltr'>Vrrogine,</span> <span class='ocrx_word' id='word_1_41' title='bbox 436 1155 494 1223; x_wconf 85' lang='lat' dir='ltr'>seu</span> <span class='ocrx_word' id='word_1_42' title='bbox 520 1151 603 1226; x_wconf 90' lang='lat' dir='ltr'>vico</span> <span class='ocrx_word' id='word_1_43' title='bbox 626 1151 787 1260; x_wconf 80' lang='lat' dir='ltr'>virginis,</span> <span class='ocrx_word' id='word_1_44' title='bbox 826 1153 994 1251; x_wconf 84' lang='lat' dir='ltr'><strong>Ligurum</strong></span> <span class='ocrx_word' id='word_1_45' title='bbox 1023 1160 1188 1244; x_wconf 82' lang='lat' dir='ltr'>crvitare3</span> <span class='ocrx_word' id='word_1_46' title='bbox 1228 1157 1324 1231; x_wconf 87' lang='lat' dir='ltr'>sorte</span> <span class='ocrx_word' id='word_1_47' title='bbox 1349 1177 1430 1231; x_wconf 88' lang='lat' dir='ltr'>rec·</span> 
     </span>
    </p>
   </div>
   <div class='ocr_carea' id='block_1_3' title="bbox 204 1247 1495 4201">
    <p class='ocr_par' dir='ltr' id='par_1_3' title="bbox 212 1247 1495 3060">
     <span class='ocr_line' id='line_1_7' title="bbox 219 1247 1427 1347; baseline 0.002 -24"><span class='ocrx_word' id='word_1_48' title='bbox 219 1251 307 1339; x_wconf 84' lang='lat' dir='ltr'>tius,</span> <span class='ocrx_word' id='word_1_49' title='bbox 341 1266 378 1319; x_wconf 91' lang='lat' dir='ltr'>ut</span> <span class='ocrx_word' id='word_1_50' title='bbox 400 1247 621 1321; x_wconf 83' lang='lat' dir='ltr'>Muratorius</span> <span class='ocrx_word' id='word_1_51' title='bbox 646 1270 682 1320; x_wconf 89' lang='lat' dir='ltr'>rn</span> <span class='ocrx_word' id='word_1_52' title='bbox 716 1248 864 1343; x_wconf 84' lang='lat' dir='ltr'>praefat.</span> <span class='ocrx_word' id='word_1_53' title='bbox 897 1250 939 1322; x_wconf 87' lang='lat' dir='ltr'>ad</span> <span class='ocrx_word' id='word_1_54' title='bbox 968 1248 1162 1324; x_wconf 87' lang='lat' dir='ltr'>chronicon</span> <span class='ocrx_word' id='word_1_55' title='bbox 1198 1253 1272 1347; x_wconf 80' lang='lat' dir='ltr'>ejus</span> <span class='ocrx_word' id='word_1_56' title='bbox 1302 1253 1427 1326; x_wconf 89' lang='lat' dir='ltr'>obser·</span> 
     </span>
     <span class='ocr_line' id='line_1_8' title="bbox 218 1342 1428 1443; baseline 0.002 -23"><span class='ocrx_word' id='word_1_57' title='bbox 218 1364 299 1434; x_wconf 82' lang='lat' dir='ltr'>vat,</span> <span class='ocrx_word' id='word_1_58' title='bbox 336 1342 383 1414; x_wconf 89' lang='lat' dir='ltr'>de</span> <span class='ocrx_word' id='word_1_59' title='bbox 408 1342 598 1434; x_wconf 74' lang='lat' dir='ltr'>Verrugine,</span> <span class='ocrx_word' id='word_1_60' title='bbox 624 1346 665 1417; x_wconf 92' lang='lat' dir='ltr'>ab</span> <span class='ocrx_word' id='word_1_61' title='bbox 692 1342 846 1439; x_wconf 92' lang='lat' dir='ltr'>oppido,</span> <span class='ocrx_word' id='word_1_62' title='bbox 876 1342 968 1417; x_wconf 87' lang='lat' dir='ltr'>haud</span> <span class='ocrx_word' id='word_1_63' title='bbox 993 1346 1114 1438; x_wconf 90' lang='lat' dir='ltr'>procul</span> <span class='ocrx_word' id='word_1_64' title='bbox 1142 1344 1285 1436; x_wconf 90' lang='lat' dir='ltr'>Genua,</span> <span class='ocrx_word' id='word_1_65' title='bbox 1308 1344 1428 1443; x_wconf 76' lang='lat' dir='ltr'>patria</span> 
     </span>
     <span class='ocr_line' id='line_1_9' title="bbox 218 1434 1495 1534; baseline 0.004 -21"><span class='ocrx_word' id='word_1_66' title='bbox 218 1439 312 1534; x_wconf 84' lang='lat' dir='ltr'>ejus,</span> <span class='ocrx_word' id='word_1_67' title='bbox 337 1434 470 1510; x_wconf 85' lang='lat' dir='ltr'>ordinis</span> <span class='ocrx_word' id='word_1_68' title='bbox 485 1439 785 1525; x_wconf 87' lang='lat' dir='ltr'>Praedicatorum,</span> <span class='ocrx_word' id='word_1_69' title='bbox 817 1437 898 1512; x_wconf 88' lang='lat' dir='ltr'>dein</span> <span class='ocrx_word' id='word_1_70' title='bbox 916 1439 1083 1513; x_wconf 80' lang='lat' dir='ltr'>Vicarius</span> <span class='ocrx_word' id='word_1_71' title='bbox 1099 1439 1301 1531; x_wconf 82' lang='lat' dir='ltr'>Generalis,</span> <span class='ocrx_word' id='word_1_72' title='bbox 1347 1463 1424 1517; x_wconf 87' lang='lat' dir='ltr'>tan·</span> <span class='ocrx_word' id='word_1_73' title='bbox 1492 1516 1495 1527; x_wconf 85' lang='grc'>,</span> 
     </span>
     <span class='ocr_line' id='line_1_10' title="bbox 217 1531 1423 1629; baseline 0.002 -18"><span class='ocrx_word' id='word_1_74' title='bbox 217 1535 298 1611; x_wconf 88' lang='lat' dir='ltr'>dem</span> <span class='ocrx_word' id='word_1_75' title='bbox 321 1531 832 1629; x_wconf 82' lang='lat' dir='ltr'>ArclriepiscopusJanuenstr,</span> <span class='ocrx_word' id='word_1_76' title='bbox 856 1535 915 1606; x_wconf 87' lang='lat' dir='ltr'>seu</span> <span class='ocrx_word' id='word_1_77' title='bbox 933 1534 1126 1609; x_wconf 86' lang='lat' dir='ltr'>Genuenlis</span> <span class='ocrx_word' id='word_1_78' title='bbox 1151 1558 1182 1609; x_wconf 91' lang='lat' dir='ltr'>a.</span> <span class='ocrx_word' id='word_1_79' title='bbox 1211 1558 1343 1629; x_wconf 74' lang='lat'><strong>1²9²·2</strong></span> <span class='ocrx_word' id='word_1_80' title='bbox 1368 1536 1423 1613; x_wconf 88' lang='lat' dir='ltr'>sa·</span> 
     </span>
     <span class='ocr_line' id='line_1_11' title="bbox 216 1625 1423 1727; baseline 0.003 -23"><span class='ocrx_word' id='word_1_81' title='bbox 216 1630 332 1704; x_wconf 88' lang='lat' dir='ltr'>mosus</span> <span class='ocrx_word' id='word_1_82' title='bbox 361 1644 462 1700; x_wconf 87' lang='lat' dir='ltr'>autor</span> <span class='ocrx_word' id='word_1_83' title='bbox 494 1625 646 1720; x_wconf 82' lang='lat' dir='ltr'>lristorr&#39;ne</span> <span class='ocrx_word' id='word_1_84' title='bbox 679 1626 944 1718; x_wconf 84' lang='lat' dir='ltr'>Lombordr&#39;cae,</span> <span class='ocrx_word' id='word_1_85' title='bbox 986 1629 1045 1703; x_wconf 90' lang='lat' dir='ltr'>seu</span> <span class='ocrx_word' id='word_1_86' title='bbox 1075 1631 1244 1727; x_wconf 88' lang='lat' dir='ltr'>legendae</span> <span class='ocrx_word' id='word_1_87' title='bbox 1274 1654 1423 1722; x_wconf 79' lang='lat' dir='ltr'>aureae,</span> 
     </span>
     <span class='ocr_line' id='line_1_12' title="bbox 219 1723 1425 1822; baseline 0.004 -24"><span class='ocrx_word' id='word_1_88' title='bbox 219 1746 307 1822; x_wconf 90' lang='lat' dir='ltr'>quae</span> <span class='ocrx_word' id='word_1_89' title='bbox 340 1743 467 1796; x_wconf 87' lang='lat' dir='ltr'>nomen</span> <span class='ocrx_word' id='word_1_90' title='bbox 498 1723 580 1796; x_wconf 91' lang='lat' dir='ltr'>illud</span> <span class='ocrx_word' id='word_1_91' title='bbox 619 1748 640 1796; x_wconf 86' lang='lat' dir='ltr'>a</span> <span class='ocrx_word' id='word_1_92' title='bbox 673 1725 775 1797; x_wconf 87' lang='lat' dir='ltr'>titulo</span> <span class='ocrx_word' id='word_1_93' title='bbox 814 1723 1035 1813; x_wconf 83' lang='lat' dir='ltr'>narrationis,</span> <span class='ocrx_word' id='word_1_94' title='bbox 1078 1727 1187 1819; x_wconf 88' lang='lat' dir='ltr'>capiti</span> <span class='ocrx_word' id='word_1_95' title='bbox 1230 1733 1311 1803; x_wconf 79' lang='lat'><em>126.</em></span> <span class='ocrx_word' id='word_1_96' title='bbox 1346 1729 1425 1803; x_wconf 88' lang='lat' dir='ltr'>sub·</span> 
     </span>
     <span class='ocr_line' id='line_1_13' title="bbox 212 1817 1424 1919; baseline 0.001 -24"><span class='ocrx_word' id='word_1_97' title='bbox 212 1818 375 1919; x_wconf 67' lang='lat' dir='ltr'>inustae,</span> <span class='ocrx_word' id='word_1_98' title='bbox 402 1818 554 1913; x_wconf 87' lang='lat' dir='ltr'>accepit.</span> <span class='ocrx_word' id='word_1_99' title='bbox 602 1818 769 1892; x_wconf 80' lang='lat' dir='ltr'>Continet</span> <span class='ocrx_word' id='word_1_100' title='bbox 794 1817 937 1892; x_wconf 71' lang='lat' dir='ltr'>correcta</span> <span class='ocrx_word' id='word_1_101' title='bbox 954 1818 999 1894; x_wconf 92' lang='lat' dir='ltr'>de</span> <span class='ocrx_word' id='word_1_102' title='bbox 1022 1823 1102 1894; x_wconf 79' lang='lat' dir='ltr'>ritis</span> <span class='ocrx_word' id='word_1_103' title='bbox 1114 1821 1323 1916; x_wconf 80' lang='lat' dir='ltr'>sanllorunr,</span> <span class='ocrx_word' id='word_1_104' title='bbox 1350 1822 1424 1919; x_wconf 86' lang='lat' dir='ltr'>ple·</span> 
     </span>
     <span class='ocr_line' id='line_1_14' title="bbox 216 1913 1425 2007; baseline 0.003 -16"><span class='ocrx_word' id='word_1_105' title='bbox 216 1940 261 1992; x_wconf 86' lang='lat' dir='ltr'>ua</span> <span class='ocrx_word' id='word_1_106' title='bbox 287 1915 428 2000; x_wconf 84' lang='lat' dir='ltr'>sabulis,</span> <span class='ocrx_word' id='word_1_107' title='bbox 459 1933 585 2007; x_wconf 89' lang='lat' dir='ltr'>quare,</span> <span class='ocrx_word' id='word_1_108' title='bbox 620 1914 808 1987; x_wconf 89' lang='lat' dir='ltr'>secundum</span> <span class='ocrx_word' id='word_1_109' title='bbox 834 1913 971 1986; x_wconf 89' lang='lat' dir='ltr'>Ludov.</span> <span class='ocrx_word' id='word_1_110' title='bbox 999 1915 1152 2003; x_wconf 86' lang='lat' dir='ltr'>Vivcm,</span> <span class='ocrx_word' id='word_1_111' title='bbox 1179 1938 1217 1989; x_wconf 89' lang='lat' dir='ltr'>et</span> <span class='ocrx_word' id='word_1_112' title='bbox 1241 1919 1425 1995; x_wconf 88' lang='lat' dir='ltr'>Melchio·</span> 
     </span>
     <span class='ocr_line' id='line_1_15' title="bbox 214 2007 1426 2105; baseline 0.002 -17"><span class='ocrx_word' id='word_1_113' title='bbox 214 2034 290 2088; x_wconf 86' lang='lat' dir='ltr'>rem</span> <span class='ocrx_word' id='word_1_114' title='bbox 319 2012 475 2096; x_wconf 86' lang='lat' dir='ltr'>Canum,</span> <span class='ocrx_word' id='word_1_115' title='bbox 507 2007 636 2082; x_wconf 86' lang='lat' dir='ltr'>dicitur</span> <span class='ocrx_word' id='word_1_116' title='bbox 660 2008 786 2103; x_wconf 86' lang='lat' dir='ltr'>scripta</span> <span class='ocrx_word' id='word_1_117' title='bbox 809 2011 852 2082; x_wconf 90' lang='lat' dir='ltr'>ab</span> <span class='ocrx_word' id='word_1_118' title='bbox 877 2007 1017 2084; x_wconf 86' lang='lat' dir='ltr'>homine</span> <span class='ocrx_word' id='word_1_119' title='bbox 1041 2015 1105 2085; x_wconf 84' lang='lat' dir='ltr'>oris</span> <span class='ocrx_word' id='word_1_120' title='bbox 1119 2010 1250 2105; x_wconf 81' lang='lat' dir='ltr'>ferrei,</span> <span class='ocrx_word' id='word_1_121' title='bbox 1285 2030 1321 2086; x_wconf 81' lang='lat' dir='ltr'>et</span> <span class='ocrx_word' id='word_1_122' title='bbox 1353 2039 1426 2089; x_wconf 84' lang='lat' dir='ltr'>cor·</span> 
     </span>
     <span class='ocr_line' id='line_1_16' title="bbox 214 2101 1421 2207; baseline 0.007 -32"><span class='ocrx_word' id='word_1_123' title='bbox 214 2112 265 2185; x_wconf 68' lang='lat' dir='ltr'>dis</span> <span class='ocrx_word' id='word_1_124' title='bbox 287 2103 438 2201; x_wconf 81' lang='lat' dir='ltr'>plunrlrri.</span> <span class='ocrx_word' id='word_1_125' title='bbox 487 2102 567 2204; x_wconf 81' lang='lat' dir='ltr'>Quo</span> <span class='ocrx_word' id='word_1_126' title='bbox 600 2126 672 2180; x_wconf 91' lang='lat' dir='ltr'>non</span> <span class='ocrx_word' id='word_1_127' title='bbox 702 2101 861 2178; x_wconf 87' lang='lat' dir='ltr'>obstante</span> <span class='ocrx_word' id='word_1_128' title='bbox 883 2104 987 2178; x_wconf 85' lang='lat' dir='ltr'>avide</span> <span class='ocrx_word' id='word_1_129' title='bbox 1012 2103 1063 2179; x_wconf 86' lang='lat' dir='ltr'>est</span> <span class='ocrx_word' id='word_1_130' title='bbox 1090 2107 1212 2192; x_wconf 79' lang='lat' dir='ltr'>letius,</span> <span class='ocrx_word' id='word_1_131' title='bbox 1247 2127 1287 2181; x_wconf 89' lang='lat' dir='ltr'>et</span> <span class='ocrx_word' id='word_1_132' title='bbox 1311 2107 1421 2207; x_wconf 82' lang='lat' dir='ltr'>saepe</span> 
     </span>
     <span class='ocr_line' id='line_1_17' title="bbox 215 2199 1434 2302; baseline 0.002 -23"><span class='ocrx_word' id='word_1_133' title='bbox 215 2205 310 2302; x_wconf 82' lang='lat' dir='ltr'>typis</span> <span class='ocrx_word' id='word_1_134' title='bbox 326 2199 521 2297; x_wconf 71' lang='lat' dir='ltr'>expressus,</span> <span class='ocrx_word' id='word_1_135' title='bbox 539 2199 613 2297; x_wconf 83' lang='lat' dir='ltr'>ejus</span> <span class='ocrx_word' id='word_1_136' title='bbox 631 2201 737 2290; x_wconf 90' lang='lat' dir='ltr'>liber,</span> <span class='ocrx_word' id='word_1_137' title='bbox 764 2220 802 2275; x_wconf 93' lang='lat' dir='ltr'>ur</span> <span class='ocrx_word' id='word_1_138' title='bbox 817 2218 875 2287; x_wconf 90' lang='lat' dir='ltr'>et,</span> <span class='ocrx_word' id='word_1_139' title='bbox 901 2199 1050 2293; x_wconf 88' lang='lat' dir='ltr'>ejusdem</span> <span class='ocrx_word' id='word_1_140' title='bbox 1067 2200 1228 2288; x_wconf 81' lang='lat' dir='ltr'>furfuris,</span> <span class='ocrx_word' id='word_1_141' title='bbox 1254 2204 1434 2281; x_wconf 70' lang='lat' dir='ltr'>Manuale</span> 
     </span>
     <span class='ocr_line' id='line_1_18' title="bbox 216 2295 1423 2397; baseline 0.005 -23"><span class='ocrx_word' id='word_1_142' title='bbox 216 2300 294 2395; x_wconf 78' lang='lat' dir='ltr'>ejus</span> <span class='ocrx_word' id='word_1_143' title='bbox 326 2320 477 2382; x_wconf 82' lang='lat' dir='ltr'>aureum,</span> <span class='ocrx_word' id='word_1_144' title='bbox 513 2296 558 2368; x_wconf 90' lang='lat' dir='ltr'>de</span> <span class='ocrx_word' id='word_1_145' title='bbox 581 2297 735 2371; x_wconf 83' lang='lat' dir='ltr'>laudibus</span> <span class='ocrx_word' id='word_1_146' title='bbox 766 2312 803 2366; x_wconf 87' lang='lat' dir='ltr'>et</span> <span class='ocrx_word' id='word_1_147' title='bbox 834 2295 1022 2370; x_wconf 83' lang='lat' dir='ltr'>virtutibus</span> <span class='ocrx_word' id='word_1_148' title='bbox 1064 2296 1198 2370; x_wconf 83' lang='lat' dir='ltr'>Mariae</span> <span class='ocrx_word' id='word_1_149' title='bbox 1241 2297 1423 2397; x_wconf 80' lang='lat' dir='ltr'>virginis.</span> 
     </span>
     <span class='ocr_line' id='line_1_19' title="bbox 213 2385 1422 2489; baseline 0.004 -21"><span class='ocrx_word' id='word_1_150' title='bbox 213 2391 383 2468; x_wconf 90' lang='lat' dir='ltr'>Melioris</span> <span class='ocrx_word' id='word_1_151' title='bbox 407 2410 509 2463; x_wconf 88' lang='lat' dir='ltr'>norae</span> <span class='ocrx_word' id='word_1_152' title='bbox 532 2385 582 2460; x_wconf 88' lang='lat' dir='ltr'>est</span> <span class='ocrx_word' id='word_1_153' title='bbox 612 2390 686 2482; x_wconf 86' lang='lat' dir='ltr'>ejus</span> <span class='ocrx_word' id='word_1_154' title='bbox 717 2387 923 2462; x_wconf 82' lang='lat' dir='ltr'>chronicon</span> <span class='ocrx_word' id='word_1_155' title='bbox 962 2391 1166 2480; x_wconf 87' lang='lat' dir='ltr'>Genuense,</span> <span class='ocrx_word' id='word_1_156' title='bbox 1197 2416 1310 2489; x_wconf 86' lang='lat' dir='ltr'>nuper</span> <span class='ocrx_word' id='word_1_157' title='bbox 1343 2397 1422 2472; x_wconf 87' lang='lat' dir='ltr'>edi·</span> 
     </span>
     <span class='ocr_line' id='line_1_20' title="bbox 215 2481 1420 2584; baseline 0.004 -22"><span class='ocrx_word' id='word_1_158' title='bbox 215 2505 288 2562; x_wconf 91' lang='lat' dir='ltr'>tum</span> <span class='ocrx_word' id='word_1_159' title='bbox 312 2485 405 2556; x_wconf 91' lang='lat' dir='ltr'>inter</span> <span class='ocrx_word' id='word_1_160' title='bbox 428 2481 615 2577; x_wconf 87' lang='lat' dir='ltr'>scriptores</span> <span class='ocrx_word' id='word_1_161' title='bbox 637 2482 755 2556; x_wconf 84' lang='lat' dir='ltr'>italiae</span> <span class='ocrx_word' id='word_1_162' title='bbox 778 2483 968 2557; x_wconf 89' lang='lat' dir='ltr'>Muratorii</span> <span class='ocrx_word' id='word_1_163' title='bbox 995 2504 1079 2560; x_wconf 88' lang='lat' dir='ltr'>torn.</span> <span class='ocrx_word' id='word_1_164' title='bbox 1104 2488 1191 2575; x_wconf 64' lang='lat' dir='ltr'>tx„</span> <span class='ocrx_word' id='word_1_165' title='bbox 1217 2512 1287 2584; x_wconf 89' lang='lat' dir='ltr'>quo</span> <span class='ocrx_word' id='word_1_166' title='bbox 1311 2491 1420 2569; x_wconf 87' lang='lat' dir='ltr'>histo·</span> 
     </span>
     <span class='ocr_line' id='line_1_21' title="bbox 212 2576 1421 2674; baseline 0.002 -16"><span class='ocrx_word' id='word_1_167' title='bbox 212 2583 266 2660; x_wconf 84' lang='lat' dir='ltr'>ria</span> <span class='ocrx_word' id='word_1_168' title='bbox 291 2580 436 2652; x_wconf 90' lang='lat' dir='ltr'>Genuae</span> <span class='ocrx_word' id='word_1_169' title='bbox 458 2580 499 2650; x_wconf 88' lang='lat' dir='ltr'>ab</span> <span class='ocrx_word' id='word_1_170' title='bbox 526 2577 611 2649; x_wconf 88' lang='lat' dir='ltr'>urbe</span> <span class='ocrx_word' id='word_1_171' title='bbox 633 2576 777 2652; x_wconf 89' lang='lat' dir='ltr'>condita</span> <span class='ocrx_word' id='word_1_172' title='bbox 800 2579 843 2652; x_wconf 89' lang='lat' dir='ltr'>ad</span> <span class='ocrx_word' id='word_1_173' title='bbox 866 2601 897 2652; x_wconf 91' lang='lat' dir='ltr'>a.</span> <span class='ocrx_word' id='word_1_174' title='bbox 925 2601 1029 2674; x_wconf 82' lang='lat'>1297.</span> <span class='ocrx_word' id='word_1_175' title='bbox 1055 2583 1208 2657; x_wconf 89' lang='lat' dir='ltr'>traditur.</span> <span class='ocrx_word' id='word_1_176' title='bbox 1261 2587 1421 2663; x_wconf 81' lang='lat' dir='ltr'>Resera-</span> 
     </span>
     <span class='ocr_line' id='line_1_22' title="bbox 212 2670 1422 2780; baseline 0.002 -27"><span class='ocrx_word' id='word_1_177' title='bbox 212 2678 242 2755; x_wconf 89' lang='lat' dir='ltr'>it</span> <span class='ocrx_word' id='word_1_178' title='bbox 266 2673 382 2751; x_wconf 83' lang='lat' dir='ltr'>editor</span> <span class='ocrx_word' id='word_1_179' title='bbox 404 2673 511 2746; x_wconf 87' lang='lat' dir='ltr'>multa</span> <span class='ocrx_word' id='word_1_180' title='bbox 535 2670 702 2767; x_wconf 81' lang='lat' dir='ltr'>superflua</span> <span class='ocrx_word' id='word_1_181' title='bbox 725 2691 761 2745; x_wconf 90' lang='lat' dir='ltr'>er</span> <span class='ocrx_word' id='word_1_182' title='bbox 782 2672 922 2780; x_wconf 88' lang='lat' dir='ltr'>inepta,</span> <span class='ocrx_word' id='word_1_183' title='bbox 955 2698 991 2747; x_wconf 88' lang='lat' dir='ltr'>er</span> <span class='ocrx_word' id='word_1_184' title='bbox 1024 2680 1149 2776; x_wconf 89' lang='lat' dir='ltr'>reliqua</span> <span class='ocrx_word' id='word_1_185' title='bbox 1180 2678 1347 2755; x_wconf 86' lang='lat' dir='ltr'>videntur</span> <span class='ocrx_word' id='word_1_186' title='bbox 1377 2685 1422 2763; x_wconf 87' lang='lat' dir='ltr'>li·</span> 
     </span>
     <span class='ocr_line' id='line_1_23' title="bbox 213 2768 1475 2863; baseline 0.001 -11"><span class='ocrx_word' id='word_1_187' title='bbox 213 2773 337 2851; x_wconf 81' lang='lat' dir='ltr'>deuter</span> <span class='ocrx_word' id='word_1_188' title='bbox 360 2768 567 2863; x_wconf 86' lang='lat' dir='ltr'>conscripta.</span> <span class='ocrx_word' id='word_1_189' title='bbox 618 2770 782 2843; x_wconf 86' lang='lat' dir='ltr'>Ceterum</span> <span class='ocrx_word' id='word_1_190' title='bbox 804 2790 934 2863; x_wconf 86' lang='lat' dir='ltr'>prunus</span> <span class='ocrx_word' id='word_1_191' title='bbox 955 2769 1085 2845; x_wconf 92' lang='lat' dir='ltr'>dicitur</span> <span class='ocrx_word' id='word_1_192' title='bbox 1110 2796 1129 2844; x_wconf 92' lang='lat' dir='ltr'>a</span> <span class='ocrx_word' id='word_1_193' title='bbox 1153 2774 1254 2849; x_wconf 81' lang='lat' dir='ltr'>Sixto</span> <span class='ocrx_word' id='word_1_194' title='bbox 1285 2780 1422 2857; x_wconf 79' lang='lat' dir='ltr'>Senen-</span> <span class='ocrx_word' id='word_1_195' title='bbox 1472 2848 1475 2853; x_wconf 88' lang='lat'><em>.</em></span> 
     </span>
     <span class='ocr_line' id='line_1_24' title="bbox 214 2862 1419 2970; baseline -0.001 -22"><span class='ocrx_word' id='word_1_196' title='bbox 214 2874 253 2949; x_wconf 88' lang='lat' dir='ltr'>se</span> <span class='ocrx_word' id='word_1_197' title='bbox 274 2864 447 2945; x_wconf 88' lang='lat' dir='ltr'>Biblioth.</span> <span class='ocrx_word' id='word_1_198' title='bbox 471 2866 505 2939; x_wconf 85' lang='lat' dir='ltr'>S.</span> <span class='ocrx_word' id='word_1_199' title='bbox 530 2882 563 2937; x_wconf 91' lang='lat' dir='ltr'>c.</span> <span class='ocrx_word' id='word_1_200' title='bbox 585 2885 621 2953; x_wconf 55' lang='grc' dir='ltr'><em>φ</em></span> <span class='ocrx_word' id='word_1_201' title='bbox 653 2862 867 2961; x_wconf 77' lang='lat' dir='ltr'>scripturam</span> <span class='ocrx_word' id='word_1_202' title='bbox 893 2867 926 2940; x_wconf 87' lang='lat' dir='ltr'>S.</span> <span class='ocrx_word' id='word_1_203' title='bbox 959 2867 1164 2943; x_wconf 83' lang='lat' dir='ltr'>transtulisse</span> <span class='ocrx_word' id='word_1_204' title='bbox 1195 2870 1231 2945; x_wconf 89' lang='lat' dir='ltr'>in</span> <span class='ocrx_word' id='word_1_205' title='bbox 1263 2872 1419 2970; x_wconf 80' lang='lat' dir='ltr'>linguam</span> 
     </span>
     <span class='ocr_line' id='line_1_25' title="bbox 212 2957 1169 3060; baseline 0.001 -23"><span class='ocrx_word' id='word_1_206' title='bbox 212 2966 389 3043; x_wconf 72' lang='lat' dir='ltr'>Italicam:</span> <span class='ocrx_word' id='word_1_207' title='bbox 416 2960 470 3032; x_wconf 90' lang='lat' dir='ltr'>sed</span> <span class='ocrx_word' id='word_1_208' title='bbox 496 2959 570 3054; x_wconf 88' lang='lat' dir='ltr'>ejus</span> <span class='ocrx_word' id='word_1_209' title='bbox 594 2957 756 3055; x_wconf 86' lang='lat' dir='ltr'>nusquam</span> <span class='ocrx_word' id='word_1_210' title='bbox 780 2960 951 3054; x_wconf 90' lang='lat' dir='ltr'>reperitur</span> <span class='ocrx_word' id='word_1_211' title='bbox 974 2961 1169 3060; x_wconf 87' lang='lat' dir='ltr'>vestigium.</span> 
     </span>
    </p>

    <p class='ocr_par' dir='ltr' id='par_1_4' title="bbox 204 3048 1426 4191">
     <span class='ocr_line' id='line_1_26' title="bbox 260 3048 1422 3158; baseline 0.008 -27"><span class='ocrx_word' id='word_1_212' title='bbox 260 3058 294 3158; x_wconf 67' lang='lat'>5.</span> <span class='ocrx_word' id='word_1_213' title='bbox 321 3048 501 3131; x_wconf 82' lang='lat' dir='ltr'>chVu.</span> <span class='ocrx_word' id='word_1_214' title='bbox 526 3053 630 3141; x_wconf 88' lang='lat' dir='ltr'>Aliis,</span> <span class='ocrx_word' id='word_1_215' title='bbox 656 3056 711 3130; x_wconf 86' lang='lat' dir='ltr'>vel</span> <span class='ocrx_word' id='word_1_216' title='bbox 736 3055 944 3152; x_wconf 83' lang='lat' dir='ltr'>fingulorum</span> <span class='ocrx_word' id='word_1_217' title='bbox 970 3058 1199 3153; x_wconf 83' lang='lat' dir='ltr'>Regnorum,</span> <span class='ocrx_word' id='word_1_218' title='bbox 1231 3065 1281 3137; x_wconf 77' lang='lat' dir='ltr'>ac&#39;</span> <span class='ocrx_word' id='word_1_219' title='bbox 1297 3089 1338 3140; x_wconf 91' lang='lat' dir='ltr'>re</span> <span class='ocrx_word' id='word_1_220' title='bbox 1367 3069 1422 3146; x_wconf 85' lang='lat' dir='ltr'>‘o-</span> 
     </span>
     <span class='ocr_line' id='line_1_27' title="bbox 212 3149 1420 3249; baseline 0.004 -19"><span class='ocrx_word' id='word_1_221' title='bbox 212 3178 320 3244; x_wconf 88' lang='lat' dir='ltr'>num,</span> <span class='ocrx_word' id='word_1_222' title='bbox 352 3151 407 3227; x_wconf 88' lang='lat' dir='ltr'>vel</span> <span class='ocrx_word' id='word_1_223' title='bbox 433 3150 588 3225; x_wconf 88' lang='lat' dir='ltr'>virorum</span> <span class='ocrx_word' id='word_1_224' title='bbox 605 3149 842 3248; x_wconf 80' lang='lat' dir='ltr'>singularium,</span> <span class='ocrx_word' id='word_1_225' title='bbox 867 3151 1092 3246; x_wconf 87' lang='lat' dir='ltr'>scriptoribus</span> <span class='ocrx_word' id='word_1_226' title='bbox 1107 3157 1230 3249; x_wconf 84' lang='lat' dir='ltr'>millis,</span> <span class='ocrx_word' id='word_1_227' title='bbox 1254 3161 1296 3236; x_wconf 84' lang='lat' dir='ltr'>ad</span> <span class='ocrx_word' id='word_1_228' title='bbox 1355 3170 1420 3241; x_wconf 84' lang='lat' dir='ltr'>ne·</span> 
     </span>
     <span class='ocr_line' id='line_1_28' title="bbox 214 3244 1420 3354; baseline 0.007 -29"><span class='ocrx_word' id='word_1_229' title='bbox 214 3255 358 3347; x_wconf 86' lang='lat' dir='ltr'>ologos,</span> <span class='ocrx_word' id='word_1_230' title='bbox 401 3244 473 3320; x_wconf 87' lang='lat' dir='ltr'>five</span> <span class='ocrx_word' id='word_1_231' title='bbox 504 3245 750 3334; x_wconf 87' lang='lat' dir='ltr'>scholasticos,</span> <span class='ocrx_word' id='word_1_232' title='bbox 792 3244 864 3318; x_wconf 88' lang='lat' dir='ltr'>srve</span> <span class='ocrx_word' id='word_1_233' title='bbox 895 3249 1193 3325; x_wconf 82' lang='lat' dir='ltr'>commentatores</span> <span class='ocrx_word' id='word_1_234' title='bbox 1226 3255 1355 3354; x_wconf 89' lang='lat' dir='ltr'>Script.</span> <span class='ocrx_word' id='word_1_235' title='bbox 1380 3263 1420 3339; x_wconf 82' lang='lat' dir='ltr'>S.</span> 
     </span>
     <span class='ocr_line' id='line_1_29' title="bbox 212 3338 1420 3449; baseline 0.011 -30"><span class='ocrx_word' id='word_1_236' title='bbox 212 3369 376 3449; x_wconf 85' lang='lat' dir='ltr'>pergam,</span> <span class='ocrx_word' id='word_1_237' title='bbox 407 3338 628 3440; x_wconf 86' lang='lat' dir='ltr'>posteaquam</span> <span class='ocrx_word' id='word_1_238' title='bbox 645 3342 755 3416; x_wconf 85' lang='lat' dir='ltr'>verbo</span> <span class='ocrx_word' id='word_1_239' title='bbox 778 3363 1038 3432; x_wconf 86' lang='lat' dir='ltr'>memoravero,</span> <span class='ocrx_word' id='word_1_240' title='bbox 1062 3345 1291 3439; x_wconf 74' lang='lat' dir='ltr'>Ruymurrdum</span> <span class='ocrx_word' id='word_1_241' title='bbox 1315 3355 1420 3431; x_wconf 83' lang='lat' dir='ltr'>Mar·</span> 
     </span>
     <span class='ocr_line' id='line_1_30' title="bbox 211 3437 1421 3535; baseline 0.007 -21"><span class='ocrx_word' id='word_1_242' title='bbox 211 3448 292 3530; x_wconf 73' lang='lat' dir='ltr'>riri,</span> <span class='ocrx_word' id='word_1_243' title='bbox 317 3441 507 3535; x_wconf 90' lang='lat' dir='ltr'>linguarum</span> <span class='ocrx_word' id='word_1_244' title='bbox 533 3437 758 3512; x_wconf 80' lang='lat' dir='ltr'>Orientalium</span> <span class='ocrx_word' id='word_1_245' title='bbox 782 3458 946 3533; x_wconf 88' lang='lat' dir='ltr'>gnarum,</span> <span class='ocrx_word' id='word_1_246' title='bbox 980 3459 1037 3528; x_wconf 91' lang='lat' dir='ltr'>et,</span> <span class='ocrx_word' id='word_1_247' title='bbox 1064 3441 1150 3515; x_wconf 85' lang='lat' dir='ltr'>licut</span> <span class='ocrx_word' id='word_1_248' title='bbox 1173 3445 1279 3535; x_wconf 90' lang='lat' dir='ltr'>olim,</span> <span class='ocrx_word' id='word_1_249' title='bbox 1303 3447 1357 3527; x_wconf 87' lang='lat' dir='ltr'>ita</span> <span class='ocrx_word' id='word_1_250' title='bbox 1380 3472 1421 3529; x_wconf 88' lang='lat' dir='ltr'>et</span> 
     </span>
     <span class='ocr_line' id='line_1_31' title="bbox 212 3531 1419 3642; baseline 0.002 -30"><span class='ocrx_word' id='word_1_251' title='bbox 212 3561 328 3626; x_wconf 87' lang='lat' dir='ltr'>nunc,</span> <span class='ocrx_word' id='word_1_252' title='bbox 352 3536 635 3623; x_wconf 88' lang='lat' dir='ltr'>celeberrimum,</span> <span class='ocrx_word' id='word_1_253' title='bbox 667 3531 846 3607; x_wconf 83' lang='lat' dir='ltr'>utililirmo</span> <span class='ocrx_word' id='word_1_254' title='bbox 867 3535 977 3623; x_wconf 85' lang='lat' dir='ltr'>libro,</span> <span class='ocrx_word' id='word_1_255' title='bbox 1001 3533 1059 3631; x_wconf 93' lang='lat' dir='ltr'>qui</span> <span class='ocrx_word' id='word_1_256' title='bbox 1082 3538 1282 3614; x_wconf 89' lang='lat' dir='ltr'>inscribitur</span> <span class='ocrx_word' id='word_1_257' title='bbox 1309 3551 1419 3642; x_wconf 71' lang='lat' dir='ltr'>pugio</span> 
     </span>
     <span class='ocr_line' id='line_1_32' title="bbox 204 3630 1418 3739; baseline 0.008 -31"><span class='ocrx_word' id='word_1_258' title='bbox 204 3637 287 3739; x_wconf 73' lang='lat' dir='ltr'>pillei</span> <span class='ocrx_word' id='word_1_259' title='bbox 321 3649 439 3706; x_wconf 88' lang='lat' dir='ltr'>contra</span> <span class='ocrx_word' id='word_1_260' title='bbox 463 3630 611 3725; x_wconf 87' lang='lat' dir='ltr'>Judaeos</span> <span class='ocrx_word' id='word_1_261' title='bbox 631 3649 670 3705; x_wconf 89' lang='lat' dir='ltr'>et</span> <span class='ocrx_word' id='word_1_262' title='bbox 693 3632 897 3719; x_wconf 84' lang='lat' dir='ltr'>Saracenos,</span> <span class='ocrx_word' id='word_1_263' title='bbox 932 3654 1076 3728; x_wconf 85' lang='lat' dir='ltr'>quorum</span> <span class='ocrx_word' id='word_1_264' title='bbox 1111 3656 1236 3730; x_wconf 87' lang='lat' dir='ltr'>magna</span> <span class='ocrx_word' id='word_1_265' title='bbox 1270 3659 1348 3714; x_wconf 88' lang='lat' dir='ltr'>erat</span> <span class='ocrx_word' id='word_1_266' title='bbox 1377 3643 1418 3719; x_wconf 90' lang='lat' dir='ltr'>iu</span> 
     </span>
     <span class='ocr_line' id='line_1_33' title="bbox 211 3724 1422 3825; baseline 0.009 -21"><span class='ocrx_word' id='word_1_267' title='bbox 211 3728 384 3825; x_wconf 88' lang='lat' dir='ltr'>Hispania</span> <span class='ocrx_word' id='word_1_268' title='bbox 409 3724 529 3821; x_wconf 91' lang='lat' dir='ltr'>copia:</span> <span class='ocrx_word' id='word_1_269' title='bbox 576 3725 644 3797; x_wconf 87' lang='lat' dir='ltr'>suit</span> <span class='ocrx_word' id='word_1_270' title='bbox 676 3744 793 3800; x_wconf 89' lang='lat' dir='ltr'>autern</span> <span class='ocrx_word' id='word_1_271' title='bbox 820 3744 930 3820; x_wconf 88' lang='lat' dir='ltr'>gente</span> <span class='ocrx_word' id='word_1_272' title='bbox 961 3729 1179 3817; x_wconf 84' lang='lat' dir='ltr'>Catalaunos,</span> <span class='ocrx_word' id='word_1_273' title='bbox 1219 3748 1256 3803; x_wconf 87' lang='lat' dir='ltr'>et</span> <span class='ocrx_word' id='word_1_274' title='bbox 1281 3736 1422 3814; x_wconf 78' lang='lat' dir='ltr'>ordinis</span> 
     </span>
     <span class='ocr_line' id='line_1_34' title="bbox 210 3819 1418 3915; baseline 0.004 -15"><span class='ocrx_word' id='word_1_275' title='bbox 210 3822 488 3910; x_wconf 79' lang='lat' dir='ltr'>Praedicatorum</span> <span class='ocrx_word' id='word_1_276' title='bbox 527 3819 748 3906; x_wconf 83' lang='lat' dir='ltr'>Monachus,</span> <span class='ocrx_word' id='word_1_277' title='bbox 790 3819 881 3891; x_wconf 88' lang='lat' dir='ltr'>circa</span> <span class='ocrx_word' id='word_1_278' title='bbox 919 3844 948 3894; x_wconf 85' lang='lat' dir='ltr'>a</span> <span class='ocrx_word' id='word_1_279' title='bbox 985 3832 1089 3915; x_wconf 82' lang='lat'>1278.</span> <span class='ocrx_word' id='word_1_280' title='bbox 1121 3829 1240 3902; x_wconf 86' lang='lat' dir='ltr'>clarus.</span> <span class='ocrx_word' id='word_1_281' title='bbox 1298 3832 1418 3911; x_wconf 85' lang='lat' dir='ltr'>Fuiffe</span> 
     </span>
     <span class='ocr_line' id='line_1_35' title="bbox 212 3913 1422 4023; baseline 0.012 -32"><span class='ocrx_word' id='word_1_282' title='bbox 212 3947 292 4005; x_wconf 72' lang='lat' dir='ltr'>eum</span> <span class='ocrx_word' id='word_1_283' title='bbox 313 3937 413 3992; x_wconf 87' lang='lat' dir='ltr'>antea</span> <span class='ocrx_word' id='word_1_284' title='bbox 430 3916 525 3990; x_wconf 86' lang='lat' dir='ltr'>inter</span> <span class='ocrx_word' id='word_1_285' title='bbox 542 3914 691 4009; x_wconf 86' lang='lat' dir='ltr'>Judaeos</span> <span class='ocrx_word' id='word_1_286' title='bbox 706 3913 925 4023; x_wconf 83' lang='lat' dir='ltr'>Rabbinunr,</span> <span class='ocrx_word' id='word_1_287' title='bbox 959 3940 1065 4011; x_wconf 86' lang='lat' dir='ltr'>negat</span> <span class='ocrx_word' id='word_1_288' title='bbox 1096 3919 1235 4015; x_wconf 91' lang='lat' dir='ltr'>quidem</span> <span class='ocrx_word' id='word_1_289' title='bbox 1260 3925 1422 4006; x_wconf 81' lang='lat' dir='ltr'>Wolfiue</span> 
     </span>
     <span class='ocr_line' id='line_1_36' title="bbox 207 4009 1426 4191; baseline -0.014 -86"><span class='ocrx_word' id='word_1_290' title='bbox 207 4025 247 4105; x_wconf 86' lang='lat' dir='ltr'>iu</span> <span class='ocrx_word' id='word_1_291' title='bbox 272 4016 410 4102; x_wconf 77' lang='lat' dir='ltr'>bibliot.</span> <span class='ocrx_word' id='word_1_292' title='bbox 435 4012 617 4105; x_wconf 86' lang='lat' dir='ltr'>Hebraea,</span> <span class='ocrx_word' id='word_1_293' title='bbox 639 4010 700 4088; x_wconf 89' lang='lat' dir='ltr'>sed</span> <span class='ocrx_word' id='word_1_294' title='bbox 720 4009 929 4088; x_wconf 72' lang='lat' dir='ltr'>sententiam</span> <span class='ocrx_word' id='word_1_295' title='bbox 952 4014 1073 4110; x_wconf 85' lang='lat' dir='ltr'>postea</span> <span class='ocrx_word' id='word_1_296' title='bbox 1096 4018 1268 4112; x_wconf 87' lang='lat' dir='ltr'>mutavit,</span> <span class='ocrx_word' id='word_1_297' title='bbox 1299 4042 1426 4191; x_wconf 58' lang='lat' dir='ltr'>otfre.</span> 
     </span>
    </p>

    <p class='ocr_par' dir='ltr' id='par_1_5' title="bbox 1366 4141 1424 4201">
     <span class='ocr_line' id='line_1_37' title="bbox 1366 4141 1424 4201; baseline 0.138 -8"><span class='ocrx_word' id='word_1_298' title='bbox 1366 4141 1424 4201; x_wconf 74' lang='lat' dir='ltr'>ert</span> 
     </span>
    </p>
   </div>
   <div class='ocr_carea' id='block_1_4' title="bbox 0 0 1516 4806">
    <p class='ocr_par' dir='ltr' id='par_1_6' title="bbox 0 0 1516 4806">
     <span class='ocr_line' id='line_1_38' title="bbox 0 0 1516 4806; baseline 0 1"><span class='ocrx_word' id='word_1_299' title='bbox 0 0 1516 4806; x_wconf 95' lang='lat' dir='ltr'> </span> 
     </span>
    </p>
   </div>
  </div>
 </body>
</html>
