2976 4830
109 582 190 675 {trs
502 565 954 674 nominantem.

119 756 242 845 tione,
273 751 334 828 ubi
357 753 435 850 ejus
455 753 624 828 medullata
646 773 788 828 sornam
810 754 944 830 cottidi
974 744 1169 823 Tridentini
1185 739 1342 851 recenset.

124 852 321 949 Episcopus
346 848 604 940 Verdunensts,
635 848 779 924 cumin
803 852 914 925 aulam
945 849 1151 921 Romanam
1176 841 1278 949 libere
1298 860 1343 910 ta·

128 948 341 1036 veheretur,
367 946 585 1020 Sebastianus
615 947 792 1036 Vannius,
835 949 1090 1022 Urbevetanus
1114 935 1284 1022 Arruster¹
1306 934 1344 1008 ad

129 1044 311 1144 proximos
341 1042 549 1130 conversus,
581 1040 691 1131 dixit,
721 1046 854 1114 trinium
885 1059 1007 1115 cantor
1043 1045 1074 1110 is
1109 1037 1254 1117 Gallos,
1281 1054 1341 1128 quo

131 1140 278 1229 audito,
311 1139 434 1212 Petrus
456 1137 646 1226 Danefius,
670 1138 865 1233 Episcopus
894 1134 1107 1219 Vavienfis‚
1135 1130 1270 1225 regessit
1289 1152 1341 1223 op-

132 1254 286 1334 portune
317 1254 356 1307 et
387 1254 510 1320 acute,
541 1237 667 1304 utioont
689 1236 736 1307 ad
764 1235 863 1328 liujus
882 1235 970 1328 galli
994 1251 1136 1306 cantum
1159 1241 1347 1300 excitaretur

132 1334 274 1420 Petrus,
299 1347 332 1402 tr
347 1325 448 1423 fleret
471 1353 595 1403 omaro.
646 1328 752 1428 Quod
776 1350 913 1425 praeter
942 1328 1143 1399 Thoanum
1167 1326 1201 1396 in
1221 1322 1347 1413 adpen-

135 1427 218 1502 dice
248 1441 413 1498 anatomes
449 1424 690 1521 Heideggeri,
722 1424 799 1519 ipse
822 1424 932 1497 refert
954 1423 1198 1495 Pallavicinus.
1245 1418 1343 1488 Moli·

137 1523 235 1597 mina
260 1520 412 1615 denique
443 1521 574 1616 synodi
602 1522 639 1595 in
659 1522 735 1615 jura
757 1520 1002 1616 superatorum
1026 1539 1064 1591 et
1090 1520 1229 1611 Regum
1252 1533 1343 1584 retas

137 1618 265 1692 darunt
296 1614 530 1688 ferdinandus
563 1621 766 1711 lnperator,
801 1636 838 1688 et
862 1616 1006 1688 Carolus
1033 1615 1099 1687 IX.
1127 1614 1208 1686 Rex
1234 1608 1346 1682 Galia·

135 1735 233 1788 rum:
265 1733 372 1808 quare
403 1711 543 1786 articuli
569 1712 613 1784 de
645 1709 896 1785 reformatione
915 1710 1144 1805 Principum,
1168 1711 1252 1782 licet
1276 1728 1347 1802 pro

135 1806 257 1907 positi,
282 1829 348 1880 nec
370 1805 499 1881 admiffi
525 1830 592 1881 nec
616 1806 747 1881 deenen
771 1806 860 1882 sunt.

183 1903 373 2074 {DLXL
397 1903 500 1975 Haec
532 1900 581 1975 est
614 1902 901 1999 famigeratiffima
928 1901 1096 1996 synodus
1120 1896 1346 1987 Tridentini,

133 2025 161 2077 a
211 2000 246 2074 'o
261 2000 350 2088 lV.,
374 1998 470 2070 edito
485 1998 697 2095 diplomate,
722 2000 910 2072 Benediiins
928 1996 1044 2088 Deus,
1062 2022 1095 2071 a.
1119 2004 1249 2086 1564,
1270 2016 1342 2067 con·

139 2098 300 2184 firmata,
323 2119 343 2167 a
368 2093 737 2176 CatholicoRomanis
760 2119 827 2189 pro
849 2093 1026 2187 uniuersali
1050 2093 1195 2180 habira3
1221 2112 1341 2187 acpro-

136 2196 288 2283 mulgata
313 2189 351 2263 in
379 2191 586 2264 Germaniae
612 2190 829 2286 regionibus,
860 2208 895 2261 et
919 2189 1122 2356 provinciis
1146 2185 1343 2278 Austriacit,

136 2292 179 2368 in
204 2286 393 2380 Hispania,
417 2286 554 2372 Sicilia,
577 2287 784 2383 reliquisque
809 2287 922 2359 Catho
934 2285 982 2357 ici
1001 2285 1117 2380 Regis
1142 2283 1343 2372 ditionibus,

138 2384 178 2458 in
204 2384 395 2469 Lusitania,
420 2381 585 2471 Polonia,
612 2381 795 2473 Veneriis,
820 2401 856 2454 et
880 2381 1057 2478 primariis
1078 2402 1273 2476 regnorum
1294 2380 1344 2452 Ca·

143 2478 359 2552 tholicorum
393 2475 573 2565 Ecclestis,
604 2476 730 2573 absque
762 2498 897 2566 nmen,
922 2495 960 2549 ut
983 2476 1174 2573 regiminis
1196 2497 1234 2550 et
1258 2476 1345 2548 disci·

137 2573 255 2671 plinae
278 2568 435 2666 tespeiiu
462 2570 570 2644 suerit
592 2573 634 2643 ab
659 2573 821 2648 omnibus
835 2592 998 2668 recepta,
1020 2572 1091 2646 suit
1108 2571 1215 2646 enim
1231 2574 1269 2646 in
1283 2573 1342 2665 plu·

143 2670 244 2744 nmis
275 2667 479 2761 regionibus
510 2666 673 2760 sepofita:
708 2690 745 2741 ut
779 2668 856 2744 suse
884 2667 1024 2741 deduxit
1053 2667 1252 2741 Giannone
1275 2665 1343 2740 hill.

145 2765 332 2861 Neapolit.
362 2764 381 2834 l.
409 2762 576 2836 XXXlll.
609 2765 651 2837 In
678 2764 807 2860 Regno
834 2764 1034 2852 Gallica-no,
1069 2763 1138 2837 etsi
1164 2766 1284 2838 Clerus
1304 2759 1343 2836 ibi

146 2863 250 2954 saepe
273 2860 515 2955 supplicaverit
532 2859 644 2956 Regi,
676 2881 715 2932 ut
740 2859 899 2957 Synodus
920 2859 1191 2946 admitteretur,
1218 2882 1256 2933 et
1277 2883 1343 2952 pro·

143 2959 377 3053 mulgaretur,
395 2957 489 3041 imo,
509 2955 545 3026 se
559 2980 634 3028 earn
649 2956 826 3051 recipere,
847 2956 946 3029 salvis
962 2954 1139 3028 Ecclefiae
1159 2957 1345 3030 Gallicanae

140 3052 381 3133 libertatibus,
412 3050 582 3144 professus
609 3051 649 3124 stt
671 3058 852 3142 a.1615.,
885 3053 1038 3125 nondum
1065 3070 1190 3126 tamen
1222 3052 1348 3149 publice

143 3149 306 3240 adoptata
336 3142 397 3216 est.
437 3146 541 3240 Cujus
575 3147 626 3219 rei
650 3145 924 3241 inpedimentum
950 3170 1020 3220 non
1046 3147 1098 3220 est
1124 3149 1231 3222 strum
1256 3150 1293 3223 in
1315 3146 1348 3220 fi·

144 3248 211 3334 de,
234 3240 291 3314 sed
317 3239 470 3312 articulis
494 3239 675 3335 regiminis
696 3262 733 3313 et
755 3242 972 3337 disciplinae,
996 3246 1223 3318 libertatibus
1250 3246 1344 3339 etju·

143 3340 239 3420 ribus
271 3333 456 3412 Gallicanis
487 3336 646 3411 adversis.
694 3338 780 3413 Vid.
814 3342 974 3433 Apologia
1011 3341 1184 3414 Corliolito
1219 3360 1291 3415 etc.
1318 3340 1348 3411 in

137 3435 298 3517 renotuit.
321 3428 394 3528 lost.
421 3430 548 3527 Eccles.
576 3431 783 3508 Schelhorni
807 3454 892 3508 tom.
919 3438 965 3523 l.,
995 3435 1055 3508 ubi
1080 3436 1277 3530 praecipua
1297 3457 1347 3509 ex·

146 3534 316 3618 hibentur
349 3527 488 3623 capita,
519 3530 651 3624 Regno
675 3526 808 3603 Galliae
832 3532 945 3603 minus
967 3535 1131 3605 consona.
1193 3536 1346 3606 Ceterum

144 3635 238 3713 haec
260 3623 441 3721 Synodus,
467 3623 553 3699 ficut
577 3621 778 3721 religionem
802 3627 1041 3717 Ponu'srcianr,
1067 3648 1106 3701 et
1132 3631 1346 3704 autoritatem

143 3723 325 3821 Papalem,
349 3719 486 3795 firmam
503 3720 654 3798 reddidit
670 3740 708 3793 et
728 3720 967 3797 inconcussam
986 3724 1023 3798 in
1039 3722 1244 3820 posterum,
1269 3721 1346 3822 quod

144 3819 270 3910 inlelix
297 3813 348 3888 est
371 3818 527 3892 omnium
561 3816 731 3911 ejusmodi
760 3819 785 3890 S
833 3818 981 3892 odorum
1005 3820 1139 3908 fatum,
1167 3824 1222 3896 ita
1241 3823 1346 3898 invin-

148 3917 256 4004 cibile
278 3914 437 4012 praebuit
460 3912 705 3993 reformationi
731 3915 777 3988 ob
827 3914 961 4006 culum
984 3935 1023 3989 et
1042 3917 1220 3994 Ecclesiae
1247 3916 1352 4007 reson,

142 4035 257 4105 natat
275 4033 298 4092 a
321 4010 684 4097 catholico-Romana
704 4007 876 4111 separavit
903 4009 943 4090 iu
962 4030 1190 4114 perpetuum

814 4182 823 4195 .
1149 4110 1188 4216 §-
1212 4109 1356 4203 Duru

66 4193 330 4496 Α
