2976 4830
106 641 182 719 ⁴72
486 608 635 711 Historia
657 606 788 713 Ecriefi
812 607 933 712 ciust.

116 799 254 903 gotium
276 793 418 897 quidem
443 790 552 867 initio
572 793 637 893 ipsi
666 792 854 871 inrereeffit
878 811 961 867 cum
986 786 1333 877 columniantium

121 904 248 1007 ‘wib‘-
278 895 615 1062 f³es²⁰i¹m³d¹21
630 886 1331 1061 {iiiiaain‘aann'ar

121 1016 290 1094 repam,
313 1011 548 1160 iigngosszm
575 1013 917 1156 etpfloreuiinorum
943 1082 1059 1178 copiis
1082 1083 1121 1156 in
1144 1102 1210 1155 eoa
1227 1000 1330 1153 miii

123 1121 162 1169 re
190 1090 299 1175 cessa,

125 1119 187 1266 sis?
228 1187 352 1278 Longe
374 1182 531 1273 gratior,
556 1200 593 1252 et
618 1179 680 1277 ipfi
709 1178 901 1269 funestior,
925 1178 993 1251 fuit
1018 1179 1330 1251 concertatiocum

125 1286 279 1362 concilio
318 1274 525 1363 Bafiieense,
551 1298 641 1368 quae
679 1299 809 1349 novum
844 1274 983 1371 peperit
1022 1274 1176 1347 schisma
1211 1272 1331 1366 Papaic.

125 1385 228 1476 Quae
261 1373 405 1447 hasteria
429 1370 640 1445 exafflotem
665 1393 819 1445 meretur
845 1371 1094 1445 narrationem.
1144 1369 1314 1443 indixerat

127 1498 167 1553 ut
193 1472 302 1545 modo
325 1469 504 1556 indicavi,
533 1470 709 1542 Martinus
728 1468 913 1541 concilium
938 1463 1110 1559 Respice,
1135 1488 1228 1563 quae
1241 1416 1333 1537 noni

127 1573 211 1647 ssma
244 1565 294 1640 est
326 1568 368 1637 ad
403 1564 568 1637 Rhenum
603 1567 700 1652 urbs,
724 1565 912 1637 secundum
934 1570 1119 1636 decretum
1148 1557 1332 1651 Constanti·

128 1664 220 1742 ensis
254 1681 290 1733 et
323 1660 482 1733 Senensis
514 1662 757 1756 Synodorum,
780 1658 1024 1732 celebrandum
1042 1683 1073 1732 a.
1100 1682 1230 1754 ¹431·‚
1258 1656 1333 1728 dulia

127 1788 177 1838 co
203 1760 266 1833 fini
294 1758 483 1851 pubiicata,
506 1778 575 1850 qua
598 1757 742 1828 concilii
766 1753 997 1828 indistionem
1013 1755 1227 1843 confirmat,
1253 1748 1334 1827 iiruui

130 1860 299 1960 Julianutr
329 1851 543 1926 cardinalem
569 1849 752 1923 coustituit
776 1852 948 1947 Legatum
972 1875 991 1923 a
1017 1853 1146 1941 tatere,
1173 1872 1213 1926 et
1237 1852 1334 1949 Syno-

129 1959 166 2032 di
196 1948 410 2029 Praesdem.
443 1969 523 2019 cum
558 1948 660 2042 piena
702 1946 889 2039 potestate.
938 1949 1037 2019 Inter
1065 1949 1186 2020 causat
1218 1934 1335 2045 synodi

131 2051 340 2151 praecipuae
384 2064 620 2118 memorantur
662 2042 881 2116 Reformat30
920 2040 1117 2132 Ecciesrae,
1161 2041 1337 2117 baerefiun

131 2142 359 2241 exstirpatio,
392 2159 428 2214 et
456 2138 703 2228 Ecciefiarum,
737 2139 773 2209 in
800 2137 920 2233 primia
947 2138 1131 2224 Graecae,
1164 2136 1338 2213 redunitin

132 2242 296 2320 Martino
327 2237 460 2311 interea
494 2235 679 2323 defuncio,
714 2234 800 2307 haec
832 2233 947 2305 omnia
976 2234 1205 2308 confirmavit
1240 2234 1340 2330 Euge·

130 2342 230 2424 nius,
258 2355 294 2406 et
327 2332 505 2427 synodus,
540 2334 607 2402 hac
631 2333 820 2402 autoritate
838 2331 992 2417 munita,
1017 2331 1184 2423 legitime
1205 2330 1337 2420 corea,

134 2456 172 2508 et
206 2430 369 2502 inchoata
400 2427 450 2497 est
481 2425 600 2497 mense
631 2426 711 2497 anni
745 2425 924 2498 memorati
948 2425 1053 2522 Julio.
1110 2428 1213 2501 Ordo
1236 2445 1337 2499 autem

135 2551 174 2603 et
206 2523 349 2605 modus,
382 2545 453 2615 quo
487 2519 629 2611 negotia
667 2524 742 2592 sunt
773 2521 933 2618 pendia,
968 2520 1027 2594 hic
1059 2520 1146 2598 fuit.
1196 2522 1337 2625 Quatuor

127 2624 315 2705 nationes,
344 2618 483 2700 lta!ica,
504 2617 655 2704 Gallica,
679 2615 886 2711 iiispanica,
906 2638 942 2690 et
959 2616 1195 2706 Germanica,
1211 2625 1245 2694 in
1259 2614 1337 2691 toti·

135 2724 216 2795 dem
240 2732 433 2792 conventus
457 2715 650 2808 separatas,
669 2714 790 2809 sacras
813 2715 1029 2807 depurationes
1057 2712 1196 2803 dicius,
1222 2708 1341 2791 divisae

138 2820 240 2905 sunt,
272 2811 415 2908 quibus,
451 2809 638 2882 secundum
671 2806 839 2902 negotia,
872 2809 949 2903 ipsis
982 2812 1219 2901 demandata,
1243 2809 1345 2884 indita

135 2915 214 2988 sunt
239 2909 382 2982 nomina
402 2907 501 3000 fidei,
523 2910 637 2998 pacis,
663 2904 921 2999 reformationis,
948 2924 984 2977 et
1000 2911 1227 2983 communium.
1274 2904 1345 2979 Sin·

135 3009 209 3106 guli
227 3023 422 3078 conventus
439 3003 611 3074 habebant
633 2998 707 3072 suos
725 2999 940 3095 magistratus
957 3021 993 3072 et
1012 3001 1208 3091 ministros,
1228 2996 1346 3077 Praefi·

138 3111 238 3188 dem,
258 3114 515 3193 promotorem,
533 3093 722 3168 notarium:
744 3116 797 3168 ter
816 3097 1034 3171 hebdomade
1053 3100 1207 3194 propriis
1215 3099 1346 3194 inprae-

140 3198 238 3274 coriis
262 3190 530 3266 conveniebant.
565 3191 701 3287 Quibus
719 3191 756 3264 in
773 3193 1005 3266 conventibus
1020 3196 1141 3267 omnia
1159 3195 1256 3290 prius
1272 3214 1346 3271 exa·

138 3290 265 3371 minari
284 3308 322 3362 et
347 3287 509 3361 concludi
532 3287 726 3375 debebant,
752 3309 853 3381 quam
871 3288 911 3360 ad
930 3290 1108 3383 Synodum
1127 3291 1346 3381 deferamus

139 3391 235 3490 quod
261 3386 385 3473 fiebat,
410 3381 435 3454 sr
461 3403 530 3456 tres
555 3383 673 3454 saitem
698 3404 904 3455 conventus·
919 3387 954 3456 in
979 3385 1073 3458 idem
1098 3385 1346 3461 consentirent.

138 3493 289 3567 Decreta
303 3481 385 3553 dein
399 3479 442 3551 in
462 3479 539 3575 ipso
556 3477 704 3552 concino
720 3479 1014 3572 adprobabantur,
1041 3501 1078 3554 et
1096 3504 1185 3558 tuuc
1204 3484 1345 3558 formam

142 3580 273 3662 decreti
290 3575 533 3670 accipiebant,
560 3571 646 3647 Vid.
694 3572 907 3667 Augustinus
940 3576 1127 3665 Patricius,
1154 3581 1343 3663 Caootnctu

139 3673 319 3759 Senensis.
344 3690 381 3744 et
403 3670 487 3743 dein
513 3667 706 3765 Episcopus
731 3671 932 3760 Pientinus,
957 3675 994 3745 in
1013 3672 1162 3749 historia
1179 3674 1340 3763 coneuioq

142 3801 218 3857 rum
250 3763 444 3875 basileensis
469 3783 508 3838 et
541 3764 759 3856 Florentini3
799 3789 885 3865 quae
915 3771 1056 3846 anorum
1085 3769 1345 3855 Patricium!

138 3872 286 3955 nomine
310 3881 416 3935 venit.
903 3893 907 3903 ·
1339 3866 1342 3873 '

186 3971 218 4075 ς,
243 3957 494 4039 ccccxxlx.
521 3957 664 4056 synodo
680 3958 748 4034 hac
763 3958 899 4034 ratione
917 3954 1132 4056 incipiente,
1159 3989 1201 4042 et
1216 3967 1351 4043 felicem

55 4064 381 4461 Nae
405 4053 561 4153 exitum,
594 4055 709 4135 omnia
734 4057 812 4167 sunt
836 4078 910 4154 per·
922 4052 1123 4162 Eugenium
1144 4064 1266 4143 subito
1279 4079 1357 4244 pig
