3022 4806
641 611 747 691 seca.
773 613 881 691 mrr.
1281 616 1357 712 ιφ
1492 729 1496 736 Ι

149 788 391 887 indignatione
414 787 497 864 iilud
530 793 681 886 repulit,
712 808 747 864 et
775 793 900 886 Papam
925 787 1014 864 haud
1047 787 1256 866 obscure’in
1286 794 1345 868 In·

142 907 301 980 peratore
324 887 559 981 oppugnando
583 889 779 977 damnavit,
812 887 870 960 cui
888 884 1030 981 infigne
1052 886 1211 980 praebuit
1234 888 1343 983 elogi-

142 980 563 1147 dff’uvid'·M²1mh³eu⁸
580 980 770 1057 Parifienfia
794 979 1225 1148 &12392sDedfflfflsslt
1249 983 1342 1150 intffr

138 1098 383 1279 pirminii}
416 1097 752 1281 quiritant?
774 1097 1047 1257 ἰίἓῖῗέιὲἷὲὲἲῗ
1079 1098 1344 1280 {fitium}

140 1264 358 1360 dignoscatur
379 1267 447 1339 esse
471 1271 647 1360 capuana,
678 1268 905 1360 credendum.
951 1264 1117 1353 Addunt,
1143 1267 1289 1358 Papam,
1308 1285 1343 1359 jc

137 1380 191 1457 per
223 1383 279 1436 nor
313 1361 531 1451 inperatorem
559 1364 733 1451 devicerit,
757 1360 869 1455 facilc
900 1381 1003 1433 omnes
1035 1363 1143 1432 mnam
1174 1365 1344 1458 Principes

139 1455 196 1550 effe
215 1456 494 1542 conculcaturum,
510 1455 691 1550 struentem
716 1480 834 1530 cornrm
851 1458 1057 1551 jactantiae,
1081 1471 1114 1526 ct
1129 1457 1342 1550 superbiam,

142 1553 219 1645 quod
241 1557 461 1643 inperatorem
485 1576 635 1646 magnum
657 1550 862 1646 contrivifflet.
911 1548 1047 1648 Quibus
1068 1550 1159 1646 Papa
1182 1555 1223 1625 ad
1257 1553 1344 1626 inci·

141 1662 189 1718 tar
222 1646 402 1730 redaiius,
440 1647 594 1720 animum
634 1651 676 1722 ad
711 1646 903 1720 universale
944 1644 1133 1717 concilium
1172 1648 1344 1741 adplicuit

143 1742 428 1830 convocandum,
445 1765 489 1814 eo
505 1739 630 1838 scopo,
656 1761 693 1815 ut
714 1739 918 1815 Fredericua
930 1738 1144 1834 judicaretur
1160 1741 1341 1837 deponen-

142 1835 213 1910 dus.
265 1835 444 1933 Quicum
476 1833 711 1927 intellexiffet,
747 1839 878 1933 legatos
909 1854 947 1907 et
979 1834 1112 1908 iitteraa
1145 1856 1189 1907 eo
1224 1837 1287 1908 fini
1322 1859 1343 1911 a

143 1930 231 2026 Papa
249 1932 368 2005 miffoa
384 1930 471 2019 effe,
496 1955 566 2006 nec
588 1931 698 2019 atiud,
722 1955 823 2030 quam
846 1929 1099 2023 depofitionem
1116 1924 1207 2002 suam
1224 1932 1342 2003 inten-

149 2025 199 2112 di,
225 2027 311 2100 licet
340 2025 505 2117 ininitio
528 2023 746 2099 consensnffet
772 2027 809 2098 in
836 2025 1038 2120 Synodum,
1063 2021 1142 2121 quia
1164 2026 1274 2117 Papa,
1310 2025 1344 2098 se

147 2120 325 2217 synodum
353 2122 464 2209 velle,
494 2121 536 2193 ad
560 2123 610 2193 rei
635 2119 849 2194 Christianae
868 2118 1034 2191 laboranti
1058 2120 1344 2208 succurrendum,

148 2218 413 2310 praetenderat,
456 2215 543 2287 teste
574 2217 765 2289 Matthaeo
797 2211 993 2298 Parisnensr,
1033 2211 1069 2282 se
1101 2211 1130 2282 ei
1160 2214 1345 2307 opposuit,

148 2311 261 2391 edicito
297 2308 443 2405 publico
474 2332 544 2383 non
576 2329 710 2384 tanturn
741 2307 915 2383 Praelatos
943 2305 1171 2393 dehortatur,
1213 2308 1270 2382 sed
1304 2328 1343 2383 et

148 2408 210 2480 vias
236 2406 337 2479 omni
364 2422 462 2497 parte
487 2404 669 2493 obfidens,
708 2426 754 2478 ne
777 2403 818 2478 ad
849 2401 1028 2496 Synodum
1055 2401 1177 2476 venire
1203 2424 1342 2499 queant.

150 2500 221 2601 Quo
245 2522 320 2575 nou
345 2497 518 2588 obstante,
542 2502 654 2592 Papae
676 2499 710 2572 se
733 2497 878 2572 obedire
899 2495 1029 2569 debere
1052 2497 1141 2586 rati,
1173 2493 1242 2570 iter
1264 2500 1345 2576 sunt

147 2590 556 2784 ifflnissiiigiii
569 2594 826 2784 ,itinn
849 2591 1346 2764 intortunium}

149 2787 259 2862 uilius
281 2781 392 2868 uisas,
419 2783 520 2855 ciass'e
545 2784 740 2857 Pisanorum
770 2783 929 2857 adversus
951 2779 1206 2855 Ecclesrasticos
1231 2802 1267 2855 et
1296 2787 1346 2857 se·

148 2886 292 2968 tularer,
323 2880 382 2974 qui
407 2879 553 2950 navibus
581 2877 816 2953 Genuensnum
844 2877 994 2950 Romam
1021 2876 1237 2948 vehebantur
1268 2876 1348 2954 satin

148 2999 269 3072 nagno
293 2995 460 3058 numero,
491 2971 653 3046 instructa
696 2971 885 3070 rogreiiur,
912 2968 1046 3066 praelio
1069 2968 1188 3045 habito
1214 2973 1348 3066 navali,

147 3069 211 3147 iilos
239 3065 496 3154 devicit,·aliit
515 3065 713 3158 submerra,
737 3067 812 3142 aliia
842 3064 972 3159 captis,
1003 3083 1041 3137 et
1064 3066 1106 3139 ad
1123 3063 1348 3146 Fredericum

146 3164 317 3252 abdonis,
342 3159 481 3274 ejusque
500 3161 591 3257 juiin
612 3162 648 3236 in
674 3183 850 3236 carcerem
867 3157 1049 3255 conjeitia.
1080 3160 1184 3250 Vid,
1210 3183 1350 3256 praeter

145 3264 226 3339 alios⁴
243 3257 432 3334 historicos
456 3276 687 3346 memorator,
710 3256 880 3331 Nicolaun
895 3256 941 3328 de
957 3252 1086 3329 Corbio
1115 3255 1153 3329 in
1182 3257 1258 3332 vita
1291 3261 1350 3334 In·

146 3355 303 3434 nocentii
320 3355 411 3437 IV.‚
431 3350 468 3425 in
487 3349 681 3427 Miscellan.
698 3351 828 3426 Baluzii
846 3371 930 3425 torn.
949 3350 1058 3438 v11.‚
1108 3350 1142 3425 ni
1161 3353 1264 3426 etiam
1282 3369 1351 3434 tra·

144 3455 214 3541 dit,
236 3453 479 3542 inperatorem
498 3447 648 3520 Romam
671 3446 786 3519 versus
802 3448 929 3519 iterurn
947 3445 1084 3542 perrenni
1115 3469 1255 3531 e,1eann
1281 3473 1349 3546 ue,

106 3620 108 3624 .
142 3549 229 3625 lotia
251 3542 584 3636 circumjacentibus
613 3539 819 3630 devastatit,
855 3537 1000 3616 tenuiffe
1029 3538 1202 3618 obseffam.
1251 3472 1354 3643 {uae

141 3644 279 3810 omnia&
291 3657 392 3712 tanto
425 3638 549 3732 Papam
583 3635 790 3713 adfecerunt
821 3656 1004 3727 moerore,
1038 3652 1080 3709 ut
1112 3636 1211 3714 brevi
1243 3637 1355 3719 fuerit

137 3739 241 3816 defun
280 3757 332 3808 ua.

185 3835 219 3934 ς.
245 3828 445 3906 CLXXIX.
479 3829 675 3915 Ceterum,
717 3844 755 3902 ut
786 3825 918 3925 reliqua
943 3828 1023 3925 <ejus
1053 3824 1149 3925 gesta
1172 3831 1356 3907 navidem

138 3927 286 4011 brachio
337 3923 567 4034 erstringam,
600 3920 806 3998 Studiorum
838 3923 1003 4103 cataiojro
1043 3923 1219 4017 inscripfit
1251 3929 1356 4001 Fran·

136 4023 290 4110 dicum,
351 4019 568 4112 ominncum,
598 4016 866 4099 Antonianae
895 4019 943 4100 Pa
968 4043 1030 4114 ua,
1052 4018 1353 4124 etEiisnbetham,

172 4114 277 4215 ⁸Terre.
301 4114 364 4194 Vi.
706 4114 776 4194 Dd
1251 4112 1358 4208 fluam

1243 4628 1246 4633 J
1357 4256 1485 4534 1
