2976 4830
149 622 224 708 „a
528 598 974 702 apostatarum.

156 788 338 890 piendum.
390 783 448 857 De
470 800 539 877 quo
554 781 729 886 ,quicquid
755 781 814 871 lit,
839 783 921 857 illud
947 797 1095 857 certum
1118 781 1193 875 est,
1229 785 1388 885 potestati

157 890 275 981 Papali
307 886 343 956 iu
377 883 628 970 temporanbus
661 881 731 951 tel‘e
754 881 975 974 uppotinlle,
1005 899 1149 971 praeter
1175 908 1384 964 memoratos

2 1022 9 1036 ·
157 1003 319 1069 autores,
344 977 521 1050 Antonium
543 977 582 1046 de
604 972 765 1070 Rusellis,
791 977 966 1072 utriusque
987 974 1078 1068 juris
1102 978 1330 1075 Ductorem,
1352 1005 1382 1059 et

158 1081 212 1159 Eu
241 1077 310 1150 emi
333 1073 403 1145 tv.
436 1071 623 1142 Oratorem
648 1072 690 1144 ad
715 1074 904 1145 concilium
922 1070 1118 1146 Basneeuse
1144 1077 1307 1168 millum,
1333 1079 1381 1157 sed

158 1100 282 1271 polica
316 1167 501 1240 frederico
531 1166 594 1240 lll.
628 1167 825 1240 asecretis.
874 1170 1044 1240 Cundtdtt
1071 1172 1149 1264 tple
1173 1197 1287 1267 opus,
1312 1180 1380 1250 dlo-

158 1272 330 1346 surclss'ast
361 1262 516 1347 dictum,
546 1262 592 1332 de
625 1261 798 1358 potestate
830 1262 1047 1357 inperatoris
1080 1285 1121 1338 et
1155 1269 1295 1365 Papae,
1321 1293 1378 1370 quu

159 1368 279 1444 multis
318 1358 472 1443 evincit,
506 1356 633 1451 Papam
665 1382 737 1432 nou
761 1359 917 1454 praceffe
942 1360 981 1433 iu
1008 1367 1287 1456 temporalibus,
1319 1389 1378 1444 uec

161 1460 267 1560 gladii
293 1453 501 1553 potestatem
529 1453 676 1539 habere,
702 1456 775 1527 imo
799 1478 868 1527 nec
891 1456 992 1549 supra
1013 1459 1174 1552 reliquos
1201 1462 1380 1559 Epilcuput

163 1552 388 1655 potestatem.
449 1546 567 1622 Exstat
597 1573 686 1642 opus
716 1561 810 1646 apud
844 1548 1046 1623 Guldalium
1080 1561 1128 1623 de
1161 1558 1376 1650 Monarclts'a,

163 1670 201 1726 et
228 1646 369 1735 vseorsim
399 1646 541 1720 editum.
592 1645 757 1740 Denique
783 1646 975 1717 Galllelmas
998 1646 1207 1732 Lendssuud,
1236 1659 1375 1752 Angla,

163 1744 242 1848 post
265 1744 345 1818 alias
367 1745 560 1841 dignitates
584 1742 778 1836 Episcopus
801 1740 1049 1831 Meueveusss,
1074 1748 1121 1817 ab
1142 1749 1302 1824 Her-nco
1320 1754 1373 1826 Vl

162 1844 208 1922 ad
239 1839 417 1938 Synudum
448 1834 671 1910 Basneeulem
702 1840 856 1933 legatus,
890 1838 1040 1926 obtulit,
1077 1863 1235 1916 uomrue
1259 1846 1374 1944 Regis,

32 2011 35 2016 ,
163 1942 203 2030 iu
227 1936 291 2011 isto
315 1933 468 2010 concilio
486 1933 734 2026 adpellasiuaem
759 1952 886 2008 contra
911 1934 1080 2027 Paparum
1102 1937 1257 2030 fastum,
1280 1967 1314 2016 et
1327 1943 1374 2016 ad·

125 2028 1011 2227 2teattalellarrll[aaran
1030 2039 1373 2209 tertullae

212 2228 238 2300 ri
271 2246 294 2302 t.
322 2225 455 2299 Eccles.

164 2235 487 2419 sc§.PCCCCLIIL
512 2315 598 2390 Huc
620 2338 699 2391 cum
715 2313 843 2414 sardio
865 2323 1075 2412 pragmatica
1100 2319 1227 2417 Regni
1242 2323 1371 2398 Gallica·

168 2423 227 2508 ni,
261 2419 333 2491 hoc
367 2416 483 2488 seculo
503 2411 720 2501 introducta,
752 2436 818 2509 qua
844 2416 1013 2488 libertatis
1038 2417 1245 2492 Gallicanae
1270 2420 1371 2491 lunda·

167 2535 285 2595 menta
312 2513 387 2585 sunt
408 2508 520 2604 jaula,
552 2533 689 2605 quoque
716 2507 912 2604 pertineat,
943 2509 1016 2605 ejus
1041 2516 1154 2607 alqua
1180 2515 1289 2587 danda
1311 2518 1369 2587 hoc

166 2618 246 2694 loco
276 2604 327 2680 est
353 2604 489 2678 notitia.
537 2605 668 2678 Sardio
691 2607 804 2699 legem
830 2606 994 2690 denotat,
1028 2631 1065 2680 et
1090 2615 1305 2704 pragmatica
1323 2610 1370 2696 id,

169 2707 264 2809 quud
298 2702 376 2777 steri
409 2721 447 2775 et
482 2700 641 2794 praestari
672 2702 789 2776 debet.
842 2701 942 2802 Quae
973 2704 1145 2798 loquendi
1181 2708 1310 2792 forma,
1340 2723 1371 2778 et

168 2809 241 2885 ho:
271 2824 381 2897 genus
412 2796 720 2887 constitutionum,
753 2795 926 2892 originem
950 2799 1058 2873 debet
1085 2801 1279 2876 Ludovico
1300 2803 1371 2889 lx,

169 2904 265 2982 dicio
285 2895 422 2991 sancto:
447 2893 506 2990 qui
529 2894 600 2968 sec.
621 2894 719 2966 Xlll.
745 2893 991 2989 pragmaticam
1011 2895 1127 2969 edidit
1146 2898 1367 2985 sanctionem,

171 3027 238 3101 pro
274 2998 426 3066 libertate
457 2987 688 3065 Ecclefiarum
713 2988 855 3063 Galliae.
908 2988 1372 3069 maurithumanam

169 3115 241 3174 sare
278 3090 441 3172 Ecclesiae
484 3086 677 3159 Gallicanae
711 3104 798 3159 tom.
831 3086 878 3160 ll.
911 3084 972 3157 Est
1002 3107 1122 3160 autem
1139 3094 1272 3181 jandiu
1300 3093 1374 3165 haec

166 3191 377 3291 pragmatica
409 3180 559 3256 edietum
593 3181 792 3276 publicum,
826 3204 896 3276 quo
918 3180 1143 3277 superioritas
1168 3186 1314 3261 concilii
1333 3184 1375 3263 sue

170 3311 234 3389 pra
269 3285 414 3377 Papam,
444 3278 502 3375 jus
535 3277 684 3373 regaliae
710 3274 747 3350 in
772 3276 944 3351 beneficia
968 3278 1234 3370 Ecclesrallica,
1260 3283 1373 3378 aliaque

171 3379 315 3467 adfinia,
349 3376 426 3451 sunt
458 3373 623 3458 definita,
661 3394 784 3448 contra
814 3372 1077 3468 praetendunes
1104 3376 1230 3449 curiae
1256 3380 1374 3452 Runa·

172 3502 248 3556 uae.
299 3477 468 3550 Delumta
494 3494 582 3542 vero
604 3467 656 3543 est
678 3489 724 3542 ex
747 3467 894 3543 decretis
917 3469 1055 3544 concilii
1081 3470 1303 3564 Bafileenfis,
1327 3471 1375 3550 led

171 3599 253 3653 cum
286 3572 397 3667 aliqua
425 3565 710 3655 modificatione,
742 3587 845 3660 quam
874 3561 979 3639 status
1002 3567 1125 3664 Regni
1146 3572 1376 3665 ¹requirebat,

42 3703 47 3711 ·
172 3675 266 3752 salva
295 3664 440 3740 concilii
472 3664 673 3738 autoritate.
723 3657 1033 3736 ConfeRaautem
1059 3662 1175 3738 estin
1203 3686 1376 3740 conventu

172 3763 377 3858 Principum
401 3779 439 3834 et
460 3758 695 3833 Praelatorutn
720 3755 837 3864 regni,
868 3756 991 3832 coarto
1012 3758 1162 3836 Avarici
1188 3762 1377 3856 Biturigum

171 3893 205 3946 a,
236 3868 361 3956 1438„
387 3852 542 3953 praefide
563 3856 664 3949 Rege
689 3849 972 3930 Christiauiffimu
992 3847 1119 3930 Carolo
1147 3856 1377 3933 V11.Conti·

173 3978 236 4044 net
268 3954 414 4055 triginta
448 3972 518 4024 tres
547 3952 730 4042 articulos,
765 3965 802 4023 et
834 3950 975 4046 vulgata
1007 3949 1059 4023 est
1089 3976 1109 4024 a
1143 3955 1268 4030 Cosam
1292 3953 1377 4028 cui·

172 4061 311 4156 mier03
348 4073 395 4137 et.
420 4045 534 4134 exstet
572 4070 714 4152 quoque
756 4048 1060 4147 conmeantum
1092 4049 1185 4127 Clara·
1219 4047 1404 4227 ῦαϋὲέἔ,

239 4354 281 4414 ἡ
378 4307 384 4318 .
