2976 4830
571 615 685 690 decad..
703 614 790 688 XII.
1255 635 1301 692 21

110 791 141 890 h.
165 791 304 867 XVIII.
335 789 600 866 commentatores
627 791 755 887 Script.
781 795 839 884 S,
872 805 909 865 ut
941 787 983 860 ad
1016 811 1076 864 eos
1121 791 1279 885 veniam,

66 911 188 962 novam
216 891 428 984 adoptarunt
453 891 520 961 hac
546 909 646 983 parte
670 851 897 976 methodum,
935 890 1027 982 quod
1053 907 1133 960 aute
1158 890 1276 964 omnia

67 985 115 1055 est
140 986 404 1058 observandum.
455 987 541 1057 Cum
568 985 660 1056 enim
685 984 817 1080 antiqui
834 983 1044 1078 scripturam
1078 983 1276 1057 litteraliter

63 1099 98 1150 et
120 1083 310 1247 alleporice
336 1080 571 1176 explicarent,
607 1081 789 1176 sequentes
815 1103 902 1151 vero
927 1098 996 1148 non
1031 1078 1093 1152 nih
1119 1081 1276 1176 superio·

67 1197 145 1247 rurn
196 1176 312 1247 uerint
337 1176 600 1271 compilatores,
646 1197 686 1247 ac
710 1193 900 1248 rotenorum
923 1171 1174 1263 confectores,
1215 1195 1275 1248 aur

52 1270 250 1368 scholiorum
284 1273 516 1358 conditores,
560 1270 629 1343 hoc
661 1271 776 1344 seculo
810 1294 882 1344 nou
915 1285 1046 1344 tantum
1079 1268 1201 1367 glollas
1229 1271 1273 1346 ad

59 1367 249 1439 litteralem
266 1365 499 1452 intelledlum,
519 1367 610 1463 quod
629 1385 665 1437 et
683 1377 803 1454 antea,
830 1365 1006 1452 fecerunt,
1024 1364 1081 1437 sed
1100 1384 1135 1437 et
1152 1365 1274 1440 eadem

60 1463 256 1547 methodo,
314 1485 353 1534 ua
383 1464 417 1536 in
438 1461 636 1557 Theologia
664 1464 860 1551 tradlanda,
888 1459 934 1534 usr
961 1460 1058 1548 sunt,
1091 1483 1156 1554 per
1181 1461 1277 1554 prin·

63 1558 161 1652 cipia
191 1484 412 1646 diatedices,
445 1576 479 1630 et
510 1558 619 1631 varias
656 1558 871 1652 quaestiones
905 1553 1043 1628 subtiles
1077 1555 1274 1654 Theologi·

59 1674 123 1726 cas
157 1672 193 1725 et
216 1654 313 1724 locos
339 1675 541 1727 communes
565 1654 779 1727 ventilando.
829 1655 869 1724 ln
895 1651 1004 1726 seculi
1029 1648 1132 1723 initio
1155 1651 1278 1726 floruit

59 1745 256 1844 Ansalrnar,
276 1748 521 1836 Sclrolallicus,
540 1767 575 1820 et
592 1749 793 1840 Canonicus
806 1743 1059 1834 Lauduuensrs,
1083 1747 1118 1819 in
1140 1749 1276 1839 Gallia,

55 1867 91 1922 a.
130 1867 233 1936 1¹17·
266 1865 450 1933 mortuus3
500 1866 603 1939 quem
635 1844 797 1933 audivit,
846 1844 903 1915 sed
937 1839 1050 1913 minus
1088 1847 1274 1939 probavit,

53 1937 284 2014 Abaelardus.
336 1941 450 2013 Auror
472 1940 617 2013 habetur
641 1938 760 2036 gloffsrr
786 1940 1008 2011 interlinearis
1034 1957 1071 2009 et
1105 1944 1276 2034 margina-

55 2040 105 2108 lis
131 2034 166 2108 in
191 2054 307 2108 totum
336 2035 450 2108 Vetus
474 2051 511 2109 et
542 2034 690 2107 Novum
725 2031 1008 2119 Testamentum,
1042 2032 1155 2107 editae
1193 2059 1276 2109 curn

57 2130 172 2230 glolla
208 2130 381 2204 ordinaria
414 2129 581 2226 Hugonis
618 2152 637 2202 a
677 2131 713 2201 S.
758 2134 872 2216 Caro,
915 2147 954 2201 et
995 2127 1123 2222 Lyrae.
1174 2131 1277 2204 Aliae

57 2227 300 2299 enarrationes
337 2227 375 2298 in
407 2226 644 2321 scripturam,
685 2221 749 2319 ipss
790 2221 947 2297 adtribui
987 2221 1132 2312 solitae,
1173 2225 1279 2300 alium

61 2322 200 2395 habent
231 2341 403 2394 autorem.
452 2318 634 2393 Celebrior
667 2340 782 2393 novae
812 2317 984 2392 Methodi
1016 2339 1278 2394 commentator

61 2415 120 2491 est
143 2414 310 2510 Raptatus
338 2414 513 2505 Yuirirnstr
536 2417 673 2504 Abbas,
700 2438 720 2488 e
743 2413 893 2512 regione
917 2413 1083 2488 Coloniae
1106 2417 1277 2512 Agrippi·

62 2534 156 2600 nae,
181 2536 212 2586 a.
233 2529 337 2605 1135.
364 2510 565 2584 delunflus:
591 2509 707 2607 quiin
731 2529 841 2584 totam
868 2511 1081 2604 Scripturarn
1105 2512 1142 2586 S.
1177 2536 1277 2588 conr·

58 2627 239 2683 mentatus
263 2607 332 2695 est,
359 2626 394 2680 et
418 2607 515 2681 locos
538 2628 759 2695 communes,
786 2625 824 2678 ut
848 2607 1080 2701 adpellantur,
1126 2628 1279 2700 pertrac·

61 2703 180 2777 tavit:
221 2721 356 2777 tantum
386 2704 419 2773 in
450 2702 637 2775 duodecim
671 2702 865 2796 Prophetas
889 2701 1066 2796 antiquam
1087 2703 1160 2794 ejus
1181 2725 1278 2777 corn.

61 2797 231 2874 mentarii
249 2799 406 2872 redolent
423 2798 648 2882 methodum,
667 2799 724 2870 sed
742 2799 817 2870 sont
835 2797 934 2868 valde
949 2795 1136 2890 allegorici.
1163 2799 1279 2894 Scrip-

62 2895 112 2969 fit
127 2912 164 2966 et
177 2893 259 2981 alia,
280 2910 316 2966 ut
333 2894 376 2966 de
392 2893 525 2966 Divinis
544 2892 662 2989 officiis
680 2917 745 2990 per
762 2893 842 2965 anni
861 2893 1050 2978 circulum,
1073 2892 1130 2965 ubi
1143 2891 1187 2962 de
1202 2895 1279 2969 riti·

61 2994 131 3066 bus
161 3009 199 3060 et
231 2988 440 3062 ceremoniis
470 2990 572 3062 sacris
596 2990 689 3087 agit,
731 3008 767 3061 et
793 2987 941 3060 rationes
966 2987 1070 3059 tradit
1104 2987 1276 3083 mysticas.

63 3081 217 3158 Exstant
234 3106 341 3180 opera
357 3085 431 3181 ejus
449 3083 583 3158 duobus
600 3083 836 3158 voluminibus
850 3085 888 3153 in
900 3083 971 3154 Ful·
991 3104 1035 3155 err
1053 3083 1203 3156 editione
1219 3088 1280 3159 Pa·

63 3177 226 3256 tiliensr.'
257 3182 422 3255 Ceterum
446 3178 507 3253 hic
529 3180 702 3277 antiquam
727 3176 935 3252 sententiam
952 3177 996 3249 de
1021 3178 1151 3250 unione
1184 3180 1279 3256 diui·

63 3296 132 3352 nae
153 3291 294 3349 naturae
318 3294 398 3349 curn
423 3297 511 3371 pane
534 3295 571 3348 et
594 3278 680 3350 vino
703 3274 740 3348 in
773 3270 978 3346 eucharistia
1001 3273 1209 3358 renovavit,
1244 3295 1283 3353 et

63 3371 197 3448 clarius
218 3368 398 3466 explicuit.
440 3373 498 3444 De
522 3392 592 3468 quo
617 3369 745 3464 postea.
794 3365 1007 3442 Antichristi
1042 3369 1282 3447 charadlerem

67 3470 114 3544 in
145 3462 388 3560 persecutione
427 3464 527 3540 fitnm
564 3465 660 3542 tede
691 3488 828 3563 quoque
867 3463 1033 3558 exprellrt
1074 3467 1116 3537 ad
1161 3469 1283 3561 Apoc.

65 3558 242 3663 Joha'nnia
265 3583 297 3636 c.
321 3561 446 3649 x111.‚
470 3564 563 3636 inter
588 3564 651 3635 alia
671 3561 809 3648 dicens,
834 3558 939 3631 Verus
960 3559 1051 3631 Deus
1075 3584 1133 3632 non
1152 3568 1284 3656 roomo,

63 3653 341 3759 sadspontarreo,
358 3656 502 3753 seruitio
519 3659 599 3732 run.
623 3660 714 3754 Ergo
733 3673 763 3731 at
782 3660 815 3729 irr
830 3655 903 3744 lroc,
928 3659 989 3728 imo
1004 3659 1143 3727 maxima
1160 3663 1193 3728 r'n
1209 3660 1284 3747 hor,

61 3754 178 3852 palam
193 3753 308 3846 faciat
330 3749 464 3850 sensum
495 3755 708 3842 habentibus,
749 3767 779 3826 at
814 3755 939 3822 rarione
969 3751 1183 3846 pollentibus,
1208 3759 1289 3848 quod

64 3873 142 3930 retr
164 3847 216 3944 fit
249 3845 486 3940 Antichristus,
527 3852 606 3946 qnod
635 3875 708 3924 rere
734 3872 795 3920 oon
830 3847 996 3942 Christos,
1027 3843 1092 3942 sed
1109 3846 1286 3942 seeundum

68 3969 180 4022 nomen
195 3943 297 4042 suram
323 3942 444 4040 Christo
462 3940 511 4036 stt
535 3949 742 4020 contrarios:
769 3947 817 4016 hir
844 3940 890 4035 ast
912 3941 1054 4031 Clrrillas
1079 3948 1137 4038 qui
1148 3946 1288 4038 sangui·

65 4064 142 4124 ntro
150 4041 255 4142 Jattm
271 4039 385 4139 fudit,
409 4041 462 4117 hic
479 4038 526 4139 est
545 4039 789 4210 Αητὶοῑιὲἱίῖω,
814 4046 868 4135 qai
883 4035 1082 4136 sanguinem
1096 4037 1193 4134 fudit
1210 4043 1291 4117 alia·

711 4158 732 4235 3
1209 4160 1302 4220 mma
