3022 4806
99 666 171 769 ε
575 598 579 603 ’
659 585 768 663 Secti.
793 582 874 659 XV.
986 652 990 659 .
1304 602 1350 685 53
1354 612 1379 680 5

316 786 327 833 z
363 758 590 855 traditiones,
622 783 720 839 extra
752 785 812 840 aut
844 778 965 836 contra
998 761 1239 856 Sc'ripturam:
1266 767 1374 862 Papae

286 894 315 931 ¹c
339 860 556 949 infallibiles,
581 882 640 933 aut
663 864 839 955 supremos
862 859 997 952 judices
1021 882 1059 933 et
1086 859 1277 943 sicciores,
1306 887 1371 953 po·

240 956 495 1031 iiiiticiiiistos:
516 960 639 1029 nullam
653 958 725 1037 ¹elio
745 956 1182 1045 Transtibiiantiationem,
1202 958 1368 1046 Missam,

204 1050 407 1127 ii't-liionem
427 1052 673 1142 auricularem,
699 1053 938 1150 purgatorium
965 1054 1034 1125 ess'e
1051 1055 1276 1144 figmentum,
1302 1068 1379 1129 nec-

164 1166 167 1171 ·
193 1150 293 1221 ..c‘tos
314 1168 375 1221 aut
397 1148 566 1243 imagines
590 1147 658 1220 effe
682 1151 792 1223 cuitus
810 1148 968 1243 objecit,
994 1146 1229 1220 caeremonias
1247 1153 1377 1223 Sacro-2

175 1270 232 1319 um
272 1242 474 1319 Pontificias
504 1243 573 1318 eise
605 1244 765 1333 inutiles,
803 1264 841 1317 et
882 1241 1140 1337 superstitiosas.
1179 1263 1249 1318 etc.
1298 1250 1383 1322 Sed·

125 1428 128 1437 Ι
180 1362 244 1415 uec
266 1339 362 1413 inter
384 1364 446 1413 eos
470 1339 659 1414 intercedit
683 1339 901 1414 differentia:
929 1340 1123 1412 Taboritae
1147 1337 1281 1434 septem
1305 1367 1368 1440 ag·

150 1432 332 1531 noverunt
354 1436 587 1525 sacramenta,
611 1436 694 1509 licet
716 1436 868 1532 quinque
890 1434 1003 1507 minus
1028 1431 1237 1524 necessaria,
1265 1446 1368 1514 etde

99 1544 113 1569 *
151 1530 333 1611 nonnullis
355 1529 527 1621 articulis,
562 1549 600 1603 ut
631 1532 676 1605 de
700 1533 924 1627 purgatorio,
966 1528 1160 1602 sanderum
1187 1532 1378 1608 invocati·-

99 1598 241 1723 fone,
271 1645 309 1699 et
331 1626 424 1715 aliis,
450 1626 650 1721 simpliciter
674 1628 888 1714 adfirmant,
915 1648 974 1697 eos
998 1648 1068 1696 nori
1095 1623 1164 1696 elie
1190 1628 1372 1704 necellari·

99 1692 120 1763 θ’
150 1746 204 1797 os.
255 1719 324 1795 Sed
359 1723 482 1796 iratres
504 1724 653 1795 Bohemi
679 1723 749 1795 sese
779 1723 909 1816 majore
940 1720 1068 1793 fiducia
1099 1723 1375 1818 explicuerunt,¹

99 1808 113 1861 ¹
149 1818 332 1917 puriorem
355 1818 461 1891 fidem
488 1839 528 1888 ac
557 1817 755 1912 religionem
781 1818 940 1914 profelli,
972 1816 1133 1911 religioni
1168 1818 1364 1895 Protestan·

99 1910 105 1959 ¹
147 1914 240 1993 tium
265 1914 340 1987 sere
363 1935 429 2007 per
452 1910 568 1990 omisi
592 1913 820 1989 conformem.
863 1916 918 1987 De
952 1935 1022 2007 quo
1054 1935 1098 1984 eii
1130 1915 1368 1991 monumentis

99 2010 105 2057 ¹
148 2009 273 2085 citatis
295 2006 396 2081 facile
430 2007 576 2083 constat.
624 2009 723 2083 Num
756 2014 792 2083 in
818 2008 1014 2102 capitibus,
1046 2008 1137 2080 inter
1173 2006 1219 2080 sic
1249 2009 1365 2085 distas

99 2106 103 2153 ³
147 2106 374 2179 Lutheranos
397 2121 433 2175 et
456 2102 678 2193 Calvinistas,
711 2105 752 2177 ad
780 2106 844 2176 lios
876 2101 1018 2198 propius
1041 2106 1230 2191 accedant,
1264 2106 1359 2200 quod

148 2196 197 2275 nii
224 2222 264 2273 er
287 2198 472 2274 contendit
495 2200 655 2273 Elsnerus
673 2202 710 2273 in
728 2204 854 2272 Scrinia
869 2200 1053 2290 antiquario
1071 2197 1245 2287 Gerdesii,
1272 2210 1381 2277 tom?

150 2224 223 2371 Vi
232 2348 245 2384 ,
269 2317 343 2367 non
362 2294 522 2388 disputo,
546 2319 611 2367 nec
627 2293 716 2368 tanti
734 2297 858 2369 habea.
911 2292 1013 2388 Quod
1033 2317 1119 2366 vero
1134 2297 1174 2367 ad
1194 2296 1380 2371 Ordinem·

145 2391 346 2477 sacrorum,
370 2391 553 2484 regimen,
570 2390 810 2487 disciplinam,
835 2410 872 2464 et
889 2412 1003 2461 mores
1016 2388 1175 2482 adtinet,
1201 2394 1363 2488 proxime

146 2488 194 2563 ad
216 2484 386 2560 vetustam
410 2486 593 2560 Ecclesiam
619 2486 732 2560 videri
765 2489 948 2561 voluerunt
977 2489 1158 2559 accedere.
1215 2490 1360 2565 Habue-

146 2598 234 2659 runt
263 2582 343 2656 suos
375 2581 585 2679 Episcopus,
627 2584 684 2654 vel
709 2585 1068 2678 Superadtendentes,
1108 2604 1144 2656 et
1187 2585 1362 2661 ministros

146 2676 262 2777 alios,
284 2677 353 2751 suis
375 2679 541 2773 gradibus
569 2676 773 2777 diffindios:
797 2682 958 2776 Synodos
977 2680 1192 2751 celebrarunt
1209 2683 1362 2772 particu-

147 2772 260 2867 lares,
285 2777 483 2869 generales:
517 2776 672 2847 Fratrum
696 2798 783 2847 vero
814 2775 929 2846 classes
952 2790 1049 2844 erant
1073 2793 1236 2866 quatuor,
1270 2778 1366 2849 inci·-

141 2868 340 2969 pieutium,
366 2870 643 2966 proficientium,
688 2869 919 2955 erfeciorum,
935 2889 971 2938 et
990 2871 1257 2962 poenitentium.
1296 2870 1381 2943 iti-''-

143 2984 204 3039 tus
216 2962 372 3060 denique
387 2967 500 3059 quoad
516 2968 591 3039 dies
616 2895 743 3049 sedon,
765 2964 916 3059 jejunia,
950 2984 1090 3060 preces,
1123 2964 1381 3065 eleemosynas*

143 3056 435 3153 vifitationesque
461 3062 714 3144 Ecclesiarum,
748 3060 908 3151 proxime
944 3059 1160 3133 conveniunt
1185 3062 1358 3147 Ecclesiae

141 3155 321 3253 munuae.
371 3155 493 3255 Quae,
517 3175 551 3227 et
574 3179 721 3254 quorum
747 3157 863 3229 similia
886 3154 967 3237 alia,
993 3154 1094 3227 facile
1121 3159 1197 3251 peti
1217 3159 1361 3251 poliunt

139 3274 188 3327 cx
205 3250 380 3327 Comenio
401 3274 438 3325 et
462 3253 623 3347 Johanne
645 3250 794 3328 Lasitio.
822 3252 929 3325 nobili
954 3254 1104 3333 Polono,
1140 3256 1264 3349 quide
1288 3260 1356 3330 ori·

141 3347 229 3461 gine
250 3364 289 3429 et
318 3348 420 3420 rebus
453 3347 559 3442 gestis
585 3352 742 3421 Fratrum
769 3350 1001 3420 Boiiemorum
1026 3348 1181 3437 scripit:
1208 3376 1354 3444 quoroin

128 3444 310 3521 lioromm
338 3442 481 3517 otiatus
512 3464 646 3517 tantum
679 3446 809 3542 prodiit
840 3469 870 3519 a.
906 3450 1011 3533 1648.
1044 3444 1102 3540 qui
1134 3446 1177 3518 de
1203 3449 1359 3526 moribus

139 3556 183 3613 et
205 3536 387 3633 disciplina
407 3562 527 3610 eorum
550 3540 634 3634 agit.
1337 3552 1340 3559 '
1374 3556 1381 3567 ‘

191 3630 224 3731 ἱ.
248 3634 574 3710 ccchxxle.
601 3638 734 3711 Pitardi'
765 3636 801 3708 iri
838 3635 1004 3708 Bohemia
1029 3660 1058 3709 a.
1085 3648 1173 3721 ld18
1211 3645 1353 3731 exorti,

138 3730 187 3807 de
213 3729 341 3827 quibus
363 3731 526 3804 nonnulla
550 3728 627 3806 sunt
649 3732 818 3820 dicenda,
852 3734 894 3805 ab
918 3736 1032 3828 aliquo
1055 3732 1207 3826 Julianus
1234 3738 1351 3809 Picar-

136 3826 178 3901 δο
201 3826 310 3901 solent
331 3824 504 3915 derivari,
536 3830 616 3919 qui,
640 3848 679 3903 ut
696 3848 871 3919 narratur,
897 3854 917 3899 e
937 3830 1046 3903 Gallia
1074 3832 1208 3921 Belgica
1232 3833 1351 3926 prosu·

136 3944 204 4021 gun
231 3924 329 3997 venit
351 3944 433 3997 cum
457 3920 562 3997 sociis
587 3925 622 3998 in
646 3926 871 4011 Bohemiam,
895 3923 1014 4018 ibique
1040 3929 1180 4022 profana
1207 3929 1378 4017 dogma-²

140 4038 183 4095 ta
212 4018 349 4114 sparsit,
381 4037 420 4097 et
442 4017 641 4099 obscoenos
661 4021 860 4195 ipproduxit
884 4044 1010 4099 mores.
1054 4024 1105 4109 ¹Se
1132 4023 1202 4099 esse
1224 4024 1391 4097 Filium«

718 4140 823 4211 ¹¹4
1285 4121 1361 4199 De
