3022 4806
15 31 22 431 Ι
89 30 97 433 Ι
1166 428 1189 438 κ

472 594 490 671 .’
591 582 698 668 Se'cul.
720 589 829 666 XIII.
892 618 896 625 ·
966 575 967 580 ‘
1250 604 1320 681 aaa

96 765 176 843 Itali
194 780 268 838 rem
285 783 461 861 reputant.
512 768 700 856 Ceterum,
729 766 918 845 Frederico
936 760 1088 861 primum
1112 762 1179 837 luit
1197 785 1310 858 oppo-

95 861 185 935 litua
206 861 368 938 thrr'cus
392 861 652 957 Landgravius,
675 886 780 959 quem
798 865 889 959 Papa
913 863 1014 936 omni
1032 859 1158 948 modo,
1185 859 1309 931 militi·

51 982 56 989 ·
97 961 168 1032 but
196 964 338 1064 quoque
364 961 439 1054 ejua
461 979 568 1033 cruce
592 959 750 1046 donatis,
789 962 899 1033 tuitus
921 955 991 1044 est,
1017 958 1075 1028 led
1100 975 1202 1050 quem
1219 957 1310 1025 Con·

98 1052 226 1143 radus,
258 1052 351 1126 filrut
375 1054 573 1144 Frederici,
616 1052 856 1148 oppugnavit,
888 1052 993 1139 dein,
1026 1052 1190 1123 Henricu
1215 1069 1309 1120 mur·
1451 1055 1456 1064 '

97 1145 1075 1338 incarnaturintrantenl
1381 1262 1385 1275 .

95 1330 341 1435 lnperaturem
365 1340 594 1413 evertendum
620 1338 840 1429 sollicitavit,
865 1335 925 1411 led
952 1336 1063 1431 ipsum
1091 1336 1304 1423 soldanum,

99 1448 143 1505 ut
173 1434 338 1505 Albertua
371 1435 545 1508 Stadenlis
582 1431 706 1519 tradit,
741 1454 807 1504 nec
842 1435 925 1506 ullas
956 1428 1052 1526 pacis
1084 1429 1309 1504 conditiones

100 1525 263 1614 admilit,
285 1548 385 1622 quam
410 1529 624 1625 aequiffimas
642 1529 767 1615 etiam,
791 1546 850 1617 ut,
876 1531 968 1637 quod
996 1548 1059 1619 per
1084 1548 1225 1597 omnem
1254 1525 1311 1597 vi·

100 1640 174 1696 tam
198 1639 320 1694 contra
344 1621 501 1697 infideles
524 1641 716 1720 pugnaret,
750 1623 857 1695 modo
883 1620 1058 1716 inperium
1083 1620 1308 1693 confirmare·

99 1734 161 1787 tur
185 1715 361 1804 Conrado,
386 1736 421 1789 et
446 1739 526 1793 cum
553 1716 742 1792 Frederico
767 1717 827 1812 pie
843 1715 1094 1814 dispensaretur
1110 1735 1179 1786 etc.
1229 1719 1311 1790 Per·

99 1809 200 1885 rexit
224 1810 341 1905 itaque
365 1812 572 1886 Fredericut
593 1813 631 1887 in
657 1815 747 1886 bello
770 1832 894 1886 contra
919 1813 1067 1906 Papam,
1091 1809 1186 1882 etin
1210 1808 1308 1888 Italia

98 1925 227 1980 contra
251 1906 477 1981 adhaerenter
492 1910 604 2002 Papae
671 1906 789 1980 aliatus
812 1906 884 1996 est,
915 1909 1028 1981 donec
1049 1928 1080 1978 a
1110 1925 1215 1995 1250.
1250 1905 1310 1981 vi·

97 2017 174 2076 tam
196 1999 374 2108 finiverit,
399 2024 472 2076 non
497 2003 570 2077 stne
595 1929 788 2108 sulpicium
812 2002 961 2091 veneni,
995 2020 1034 2108 ut
1058 2003 1214 2073 nonnulli
1238 2019 1309 2075 tra·

96 2099 192 2171 dunt
215 2094 391 2182 histunci,
418 2097 479 2193 qui
503 2095 652 2187 addunt,
676 2098 807 2191 rpsurn,
840 2095 1056 2190 poenitentia
1080 2093 1241 2184 dutlum,
1267 2112 1308 2171 et

98 2188 322 2264 absolutione
353 2190 394 2262 ab
423 2191 702 2288 Archiepiseopo
743 2189 971 2262 Palermitano
1010 2186 1206 2277 inpetrata,
1246 2186 1310 2285 pie

99 2281 250 2375 obiiffe,
278 2282 364 2359 Vid.
414 2287 576 2360 Albertua
598 2282 782 2370 stadensis,
810 2284 1013 2358 Matthaeus
1035 2281 1242 2369 Parifiensu,
1266 2302 1308 2360 et

97 2377 331 2465 Manfredua,
357 2377 394 2475 in
412 2379 570 2475 epistolia
596 2383 687 2456 binis
704 2382 748 2453 de
771 2398 884 2452 morte
898 2376 1127 2474 lnperatoria,
1161 2377 1197 2451 in
1215 2376 1308 2453 Mit-

96 2476 221 2550 cellan.
246 2473 372 2546 Baluzii
389 2493 473 2549 tom.
496 2478 525 2551 l.
576 2477 647 2550 Alli
664 2476 813 2561 addunt,
836 2474 946 2572 ipsum
964 2472 1216 2570 poenitentiam
1235 2475 1306 2550 eti·

95 2592 159 2647 am
189 2567 375 2664 proselium
405 2569 494 2662 elie,
527 2573 618 2666 quod
642 2574 754 2680 Papae
780 2569 814 2641 se
839 2565 1061 2665 opposuerit,
1093 2587 1130 2643 et
1164 2571 1305 2646 clerum

97 2664 263 2752 vexarit,
289 2662 346 2737 sed
374 2664 418 2737 de
446 2688 491 2739 eo
517 2666 616 2740 srlent
640 2666 765 2761 reliqui
788 2664 982 2760 scriptores.

151 2756 183 2857 ς.
210 2758 438 2832 CLXXXIII.
475 2760 662 2834 Frederico
692 2758 882 2849 defuneto,
921 2761 1012 2854 Papa
1041 2782 1124 2832 mox
1156 2781 1306 2854 regnum

96 2850 326 2934 confirmavit
358 2854 572 2943 Wilhelmo,
606 2854 830 2951 luperialibut
853 2853 1069 2928 ornamentis
1089 2856 1161 2948 jam
1197 2873 1303 2929 antea

97 2953 116 3028 i
145 2949 168 3024 fi
191 2949 384 3045 promiffia,
408 2950 604 3025 Conradum
627 2972 735 3038 vero,
761 2949 936 3021 Frederici
959 2948 1090 3037 filium,
1115 2966 1151 3021 et
1174 2946 1305 3024 succes·

20 3126 25 3133 ,
116 3068 240 3135 orem,
264 3044 479 3137 anathemate
503 3045 684 3141 perculiit,
716 3042 1006 3139 indulgentiarum
1031 3066 1305 3141 quoque'prae·

95 3141 204 3231 ruiis,
228 3160 268 3213 ut
291 3141 365 3235 ejus
391 3140 551 3236 inpetum
575 3140 711 3214 facilius
744 3139 969 3227 retunderet,
1004 3143 1153 3233 populor
1181 3158 1305 3217 contra
1376 3183 1380 3194 ·

99 3237 217 3334 ipsum
249 3233 419 3322 armavit,
451 3235 535 3310 dato
566 3233 648 3331 ipsu
680 3235 793 3309 crucia
824 3233 939 3329 figno,
981 3253 1032 3306 ut.
1052 3232 1197 3327 epistola
1230 3237 1307 3331 eju·

102 3353 189 3421 292.
210 3329 268 3405 lib.
287 3331 391 3404 VIII.
410 3328 535 3419 habet3
557 3331 708 3426 denique
722 3327 968 3419 Christianum,
987 3327 1307 3424 Archiepiscopurn

98 3426 381 3524 Moguntinum‚
404 3426 493 3519 quod
509 3447 601 3498 arma
618 3423 969 3499 lumeredetredlaret
979 3475 990 3511 ,
1009 3423 1216 3495 sacerdotem
1233 3445 1306 3500 non

102 3544 175 3620 per
198 3542 291 3596 arma
314 3521 450 3607 bellica,
485 3520 544 3593 sed
567 3521 719 3614 gladium
742 3518 912 3613 Spiritus,
944 3520 1002 3590 seu
1035 3519 1178 3590 verbum
1214 3520 1305 3613 Dei,

99 3637 267 3788 {Pur
281 3615 692 3786 diiii’niffllffllilel}
714 3612 1127 3804 illidi-lilim?
1143 3614 1307 3785 lulla

101 3736 294 3884 omnibu}
327 3803 516 3894 conceffit,
554 3804 589 3878 in
624 3804 756 3901 fignum
787 3802 876 3897 grati
907 3803 1034 3891 animi,
1056 3801 1310 3896 tndutgentia·

99 3902 221 3979 decem
255 3902 417 3989 dierum3
447 3897 490 3973 ad
523 3900 614 3996 quod
647 3900 844 3994 exemplum
878 3896 1080 3974 succellores
1103 3898 1181 3970 dies
1192 3900 1307 3971 indul·

94 4000 300 4096 gentianum
321 3995 433 4097 adhuc
458 3995 760 4170 mulu'plieffint,
782 3994 831 4070 uti
858 3993 1019 4076 Urbauut
1040 3992 1134 4084 tv„
1166 3992 1225 4087 qui
1253 3989 1310 4098 yi-

725 4114 747 4187 a
1053 4149 1057 4156 -
1230 4107 1312 4181 um
