3022 4806
630 628 739 705 Serus.
766 630 853 705 Xll.
1150 734 1166 743 ,Ἰ
1318 649 1364 726 ῃ

146 817 192 874 tur
212 819 339 878 contra
364 802 481 879 sedem
505 807 685 903 Papalem,
721 807 872 880 Romam
907 827 1045 900 quoque
1077 825 1264 902 propterea
1298 810 1353 883 in·
1475 856 1477 860 -

144 899 279 971 terdit'to
303 900 401 973 sacro
426 906 612 998 subjiceret
635 906 745 997 Papa,
782 905 933 976 Romani
960 908 1196 997 promiserunt
1216 905 1346 999 jurari,

145 991 299 1087 seipsum
326 1020 406 1069 cum
429 1001 535 1073 sociis
559 1003 642 1071 urbe
668 1000 840 1092 ejecturus
857 995 943 1070 else:
979 1023 1047 1093 quo
1074 999 1188 1088 susle,
1217 1003 1350 1073 reddita

144 1087 185 1160 est
210 1091 286 1163 urbi
311 1114 399 1186 pax,
441 1116 479 1167 ut
501 1097 668 1168 Batonius
703 1118 747 1166 ex
778 1116 959 1187 anonymo
991 1095 1034 1164 de
1065 1095 1170 1188 gellis
1205 1096 1350 1168 Pontrfi·

142 1204 210 1291 tum
235 1209 372 1275 narrat,
397 1186 455 1263 sed
479 1193 652 1263 Arnaldus
677 1190 788 1261 dirum
808 1189 911 1261 subiit
935 1188 1054 1260 fatum.
1104 1189 1224 1262 Postea
1256 1195 1352 1263 enim

142 1299 171 1350 tu
199 1302 321 1354 manus
355 1286 466 1379 Papae
496 1286 678 1373 incidens,
720 1303 784 1369 et,
828 1284 1009 1357 Praefecto
1046 1287 1140 1356 urbis
1183 1287 1349 1375 traditus,

142 1374 228 1470 ligno
250 1377 408 1468 adfixus,
432 1401 469 1453 et
486 1380 701 1466 combustus,
729 1377 800 1466 est,
827 1378 996 1450 cineribus
1012 1379 1049 1452 iu
1077 1381 1226 1453 Tiberin
1253 1385 1346 1478 spar-

142 1469 193 1544 su:
228 1491 267 1544 ut
299 1472 431 1564 refert,
463 1497 602 1571 praeter
627 1477 798 1548 Orionem
825 1475 1096 1568 Frisingensem,
1142 1479 1348 1551 Gurulrerus

141 1564 317 1662 ligurinus
344 1570 455 1644 Vates
478 1573 514 1645 iu
540 1573 747 1657 Prederico,
776 1570 1051 1666 quitationem,
1078 1596 1182 1663 quare
1208 1572 1348 1647 cineres
1388 1596 1398 1608 ’

140 1661 171 1734 iu
192 1663 344 1738 Tiberin
373 1665 440 1740 srnt
465 1667 638 1764 conjecti,
666 1664 773 1740 tradit
795 1666 910 1751 soille,
935 1665 991 1740 his
1016 1667 1172 1740 versibus
1233 1748 1236 1759 ,

226 1858 283 1930 Ne
302 1849 436 1948 stolidae
460 1861 586 1952 plebis,
612 1856 831 1950 quodfeceror
852 1860 1002 1950 inprobus
1026 1879 1124 1932 error.

175 2002 177 2006 -
275 1952 445 2046 Martyris
469 1953 534 2049 offa
555 1977 631 2027 noro
658 1954 817 2052 cineresve
830 1953 961 2043 fourrer
985 1954 1108 2027 luntre.

647 2020 672 2093 l
1212 2084 1220 2098 s

138 2140 362 2234 Wilhelmur,
388 2142 527 2219 Siciliae
551 2145 649 2232 Rex,
675 2144 767 2217 filius
788 2163 825 2216 et
847 2139 1017 2216 succellor
1039 2142 1210 2237 nogent,
1234 2145 1349 2223 offen·

136 2237 206 2326 sus,
235 2240 327 2332 quod
354 2263 375 2313 a
402 2242 493 2336 Papa
515 2263 588 2314 non
611 2241 711 2328 Rex,
746 2241 803 2313 sed
829 2238 1003 2310 Dominus
1029 2259 1163 2311 tantum
1200 2244 1348 2338 adpella-

89 2426 91 2431 .
136 2353 249 2421 retur,
280 2337 438 2431 adeoque
469 2338 650 2430 Legatum¹
669 2337 783 2432 Papae
814 2354 883 2406 uon
918 2332 1023 2405 solum
1058 2334 1253 2426 recusaret,
1288 2339 1346 2412 sed

136 2430 375 2504 Beneventana
398 2454 535 2528 quoque
558 2430 684 2526 palatia
708 2428 948 2528 popularetur,
974 2448 1011 2502 er
1035 2433 1193 2524 quasdam
1222 2434 1346 2508 Eccle-

137 2524 199 2596 fiae
222 2526 389 2599 civitates
414 2549 501 2600 occu
529 2548 623 2617 aret,
649 2547 836 2622 propterea
851 2549 870 2598 a
887 2525 977 2618 Papa
993 2530 1345 2620 excommunicatur,

136 2619 273 2693 subditis
294 2618 464 2695 fidelitate
505 2624 630 2708 olutis,
657 2643 694 2694 ut
722 2620 913 2696 Vaticanus
936 2620 1129 2715 anonymus
1154 2625 1244 2718 apud
1268 2624 1346 2696 'Ba-

137 2716 268 2789 ronium
290 2716 421 2804 refert,
456 2718 499 2791 ad
523 2716 692 2790 saniorem
717 2735 873 2789 mentem
896 2715 1056 2790 redactus
1091 2716 1163 2804 est,
1196 2741 1277 2792 cum
1310 2719 1347 2790 se

138 2814 174 2884 ab
196 2811 439 2908 optimatibus
455 2813 629 2889 desertum
653 2812 811 2897 videret,
837 2831 875 2883 et
901 2831 920 2880 a
949 2811 1061 2907 Papa,
1095 2813 1252 2886 collectis
1283 2835 1348 2885 co·

136 2906 212 3000 piis,
236 2927 520 3004 oppugnaretur,
546 2929 704 2982 metuens
720 2931 860 3004 quoque
879 2907 1102 2995 Manuelem,
1131 2908 1346 2983 Graecorum

139 3004 390 3097 inperatorem,
423 3003 482 3098 qui
505 3006 617 3098 Papae
642 3003 844 3098 promiserat
868 3003 1046 3076 auxilium.
1094 3002 1202 3076 Periit
1225 3005 1346 3102 itaque

138 3122 254 3194 pacem
282 3100 517 3187 aPontifice,
550 3097 706 3194 nihilque
730 3097 940 3195 postulavit,
974 3121 1075 3192 quam
1109 3118 1148 3171 ut
1172 3101 1349 3175 absolutus

137 3195 232 3290 regiis
256 3194 370 3268 titulis
398 3196 567 3292 gauderet
595 3195 676 3288 jure
705 3193 951 3278 beneficiario,
988 3192 1147 3286 promisit
1181 3195 1344 3292 insuper,

135 3290 164 3363 se
185 3290 221 3363 in
247 3292 356 3364 verba
380 3292 492 3385 Pupae
513 3292 730 3384 juraturum,
757 3291 881 3363 damna
902 3287 1077 3361 Ecclesiae
1100 3289 1343 3366 resarciturum

137 3407 170 3459 et
192 3386 338 3459 rebellet
359 3387 395 3458 iu
423 3385 581 3459 ordinem
601 3385 832 3459 redadlurum.
882 3383 976 3481 Quas
1010 3384 1233 3459 conditiones
1261 3410 1345 3462 cum

137 3482 242 3575 Papa,
268 3481 443 3554 nonnullis
467 3482 696 3556 cardinalium
721 3481 1015 3576 repugnantibus,
1053 3478 1238 3554 admit-rere
1269 3485 1347 3558 nol·

137 3576 199 3665 let,
220 3577 304 3651 Rex
328 3595 464 3650 creatur
487 3598 580 3651 arma
604 3575 778 3665 resumsit,
806 3575 967 3668 Apuliam
995 3573 1161 3666 vastavit,
1189 3579 1346 3655 Graecos

137 3693 169 3747 et
192 3672 329 3767 Apulos
351 3675 458 3759 vicit,
490 3673 600 3769 ipsum
629 3675 754 3767 Papam
779 3668 974 3744 Bener'reuti
1008 3670 1162 3762 obsedit,
1195 3697 1346 3771 eumque

138 3791 173 3843 ea
202 3769 344 3843 ratione
385 3768 533 3866 coegit,
574 3788 613 3843 ut
652 3770 691 3842 iu
731 3765 949 3840 conditiones
991 3769 1084 3861 pacis
1121 3771 1343 3849 consenserit.

138 3863 231 3962 Quae
259 3885 280 3937 a
312 3865 464 3938 Barouio
490 3888 535 3938 ex
568 3863 741 3938 Hadriani
776 3861 861 3934 attis
903 3883 1097 3935 narrantur.
1156 3864 1345 3956 Ceterum,

139 3959 222 4049 quod
245 3978 368 4035 notatu
390 3957 629 4057 dignumest,
661 3959 754 4033 inter
778 3956 1003 4031 conditiones
1032 3959 1119 4046 suit,
1152 3963 1242 4056 quod
1273 3959 1348 4032 siue

140 4051 241 4152 Regio
264 4055 437 4154 consensu
459 4055 503 4134 ad
527 4056 655 4156 Papam
676 4056 767 4129 nulla
799 4051 914 4153 fieret·
934 4052 1145 4150 adpellatio,
1176 4078 1247 4129 nec
1277 4056 1348 4128 Le·

675 4150 710 4224 K
734 4175 757 4248 3
1247 4169 1359 4252 μω,
