3022 4806
526 633 535 641 ’
634 633 744 713 Strul.
765 624 848 714 XV.
1136 608 1139 612 μ
1271 657 1342 742 443
1488 621 1490 623 ’

119 816 273 907 rentiae,
296 832 483 912 animoque
514 808 710 913 stipendio,
743 813 923 901 donatus3
957 810 1141 890 delendus
1164 840 1195 893 a.
1232 838 1338 909 1499.

119 916 219 992 Huic
248 912 330 988 viro
364 915 543 985 variorum
577 912 785 1008 scriptorum
815 912 1054 998 Graecorum,
1098 931 1137 985 ut
1162 915 1336 1005 Platonis,

119 1009 270 1101 Plotini,
298 1006 505 1103 Speusippi,
539 1007 767 1095 Xenocratis,
793 1027 831 1079 et
845 1007 1010 1088 aliorum,
1038 1007 1214 1082 versiones
1230 1009 1337 1081 debe·
1396 1024 1401 1028 ·

119 1130 221 1196 iiius;
245 1102 296 1178 est
323 1126 458 1214 quoque
486 1106 561 1200 ejus
589 1102 733 1199 insignis
757 1102 891 1176 libellus
915 1106 958 1175 de
978 1102 1149 1197 Religioni
1179 1107 1337 1195 Christia-

119 1226 185 1293 tiu,
212 1224 257 1274 ne
280 1200 440 1296 epistolas
461 1220 497 1271 et
523 1203 586 1274 alia
611 1223 740 1296 opera,
766 1218 804 1270 ut
821 1201 864 1270 de
878 1202 1114 1274 inmortalitate
1131 1205 1336 1291 animorum,

119 1302 160 1377 iii
184 1296 296 1394 Epist.
321 1298 414 1370 Pauli
436 1294 478 1368 ad
505 1298 704 1384 Romanos,
729 1313 766 1368 et
789 1294 874 1382 alia,
907 1318 1110 1373 memorem.
1160 1299 1217 1372 De
1242 1299 1337 1388 vita,

119 1394 295 1481 moribus,
323 1413 361 1464 et
385 1392 537 1486 scriptis,
565 1394 639 1488 ejus
666 1393 736 1487 legi
763 1409 916 1462 meretur
940 1392 1136 1466 Schelhorn
1163 1395 1335 1468 amoenit.¹

119 1495 247 1572 Litter.
269 1509 352 1561 tum.
373 1491 422 1575 l.‚
447 1488 505 1583 qui
524 1488 694 1584 insignem
713 1484 852 1560 abusum
871 1487 1072 1583 scripturae
1090 1491 1125 1562 S.
1145 1489 1339 1582 dislorum,

119 1604 212 1691 quae
238 1585 426 1659 adulatorie
452 1586 551 1677 saepe
574 1589 616 1655 ad
642 1583 727 1656 alios
750 1584 937 1678 adplicuit,
965 1607 1037 1657 non
1062 1587 1216 1681 neglexit
1241 1606 1339 1660 nota·

119 1708 181 1776 re,
207 1699 247 1756 ut
278 1698 315 1752 et
346 1679 627 1776 superstitionem
661 1680 860 1774 ejuseirca
889 1677 1024 1767 stellas,
1057 1680 1141 1753 licet
1173 1681 1285 1778 ipsum
1320 1702 1340 1754 a

119 1780 251 1876 Magia
272 1772 479 1871 pronunciet
497 1775 654 1848 liberum.
681 1777 802 1865 Alter,
829 1774 927 1871 cujus
944 1775 1109 1864 memini,
1134 1774 1185 1848 est
1204 1777 1341 1851 Gabriel

119 1878 218 1964 unt,
243 1871 437 1969 Spirensis:
461 1870 557 1967 cujus
580 1869 724 1945 confilio
746 1868 782 1944 in
802 1871 991 1945 Academia
1016 1873 1232 1968 Tubingenli
1256 1873 1337 1944 soii·

119 1975 235 2052 danda
266 1993 294 2041 a.
332 1988 437 2060 1477.
472 1970 547 2042 ulus
580 1966 630 2039 est
653 1966 869 2040 Eberhardus
892 1972 1035 2059 Comes,
1060 1989 1096 2041 et
1121 1971 1204 2041 Duri
1228 1967 1336 2041 Wur·

120 2067 368 2152 tenbuipicus3
395 2064 451 2134 ubi
479 2064 584 2136 etiam
605 2062 839 2157 Theologiam
864 2064 985 2135 docuit
1001 2085 1036 2133 et
1055 2064 1335 2156 Philosophiam,

119 2167 206 2243 deiri
244 2160 371 2234 Ordini
406 2157 554 2231 Fratrum
583 2161 621 2230 de
657 2162 813 2231 coriiiiium'
847 2161 937 2246 tito,
963 2157 1021 2229 seu
1045 2160 1336 2251 Capuiianoium,

120 2259 329 2352 adscriptus.
379 2255 481 2326 Obiit
510 2277 539 2329 a.
575 2276 678 2344 1495.
707 2255 764 2325 De
788 2251 858 2324 vita
882 2273 918 2324 et
943 2252 1077 2349 scriptis
1102 2253 1175 2347 ejus
1200 2252 1272 2325 sule
1292 2278 1335 2328 e·

119 2357 174 2456 git
206 2356 279 2451 Jac.
313 2352 475 2424 Mol'erus
505 2352 541 2423 in
574 2351 656 2423 vitis
688 2349 919 2423 Prosellotum
953 2350 1173 2446 Theologiae
1198 2350 1337 2424 Tubin-

141 2452 292 2526 ensium.
346 2444 487 2538 Scripsit
512 2448 548 2517 in
573 2448 677 2518 libros
704 2446 973 2534 sententiarum,
999 2446 1113 2519 varios
1140 2445 1335 2539 sermones,

119 2476 302 2625 historiam
334 2542 495 2636 pullionis
519 2538 667 2629 Christi,
692 2540 924 2616 defensoriam
951 2543 994 2615 de
1018 2540 1219 2618 obedientia
1246 2544 1336 2619 sedis

119 2642 329 2721 Pontificiae
360 2655 482 2710 contra
514 2639 665 2709 aemulos
697 2635 783 2711 suos.
833 2639 961 2732 Ingens
976 2638 1044 2711 fuit
1063 2636 1259 2713 Aristotelis
1276 2643 1335 2713 ad·

119 2740 287 2824 mirator,
319 2733 416 2826 cujus
452 2755 589 2829 quoque
615 2732 720 2805 ethica
751 2733 932 2831 aliquando
963 2732 1116 2830 publicis
1148 2735 1334 2813 concioni·

119 2839 185 2914 bus
210 2828 371 2918 exposuit
397 2831 475 2901 loco
502 2826 700 2921 Scriptutae
724 2829 757 2901 S.

166 2931 199 3030 h.
226 2925 444 3001 cccxcix.
470 2924 523 2996 Ex
553 2922 654 2994 ditiis
684 2921 786 2995 sicile
815 2921 1001 3012 elucescit,
1027 2920 1137 2995 studia
1163 2923 1236 3018 jam
1263 2924 1336 3002 hoe

119 3026 238 3106 secuto
264 3017 432 3113 incepisse
455 3017 592 3092 felicius
616 3017 752 3106 excoli,
777 3035 814 3092 et
837 3041 902 3116 per
924 3018 1099 3115 Europam
1125 3019 1253 3118 ubique
1280 3021 1336 3098 iu·

119 3117 269 3202 staurari.
318 3115 401 3214 Quo
430 3113 532 3187 etiam
566 3114 652 3187 lacit
684 3113 886 3190 Scholaium
913 3134 952 3187 et
975 3113 1242 3190 Academiarum
1270 3141 1336 3193 no·

119 3241 242 3298 uarium
267 3212 417 3294 erectio,
442 3234 483 3283 ac
507 3210 811 3285 Bibliothecarum.
862 3211 1035 3284 Conditae
1056 3229 1172 3284 autem
1189 3203 1266 3287 sunt
1285 3215 1335 3290 A·

119 3311 301 3394 cademiae
325 3306 508 3403 Lipsiensis
531 3331 559 3379 a.
583 3329 706 3395 1409.‚
735 3305 998 3381 Rostochiensis
1014 3330 1043 3377 a.
1067 3329 1193 3397 14¹9„
1218 3311 1335 3386 Lova·

120 3407 249 3490 u'ienfis
266 3430 295 3478 a.
313 3425 437 3496 1427„
458 3400 738 3496 Gripswaldeiisis
754 3427 784 3478 a.
807 3399 1140 3496 1457.,Balileensis
1156 3427 1186 3479 a.
1207 3413 1336 3504 1460,
1454 3426 1457 3430 ’

120 3499 399 3607 ingolstadiensis
432 3523 463 3574 a.
492 3520 621 3589 1472„
647 3497 880 3596 Tubingenlis
903 3521 934 3574 a
964 3519 1068 3592 1477.
1092 3498 1341 3598 Moguntina,

119 3622 161 3682 et
182 3605 283 3676 aliae.
335 3597 443 3670 Nova
466 3616 605 3690 quoque
630 3593 797 3691 collegia,
831 3612 869 3668 ut
891 3595 1120 3668 Salmanticae
1146 3599 1335 3698 collegium

119 3690 405 3780 Bartholomaei,
424 3710 478 3803 'et
507 3688 642 3763 Oxonii
676 3693 772 3765 varia
789 3691 884 3803 ‘sunt
915 3691 1047 3804 eiorta.
1084 3691 1336 3805 ⁸Bibliothecae

121 3816 281 3970 hullt,
297 3787 703 3976 ‘llllhllllllls
718 3786 1337 3983 ‘lllll‘lzlihiltrih}

125 3986 168 4065 iii
200 3981 292 4058 urbis
322 3998 358 4053 et
392 3976 602 4052 Academiae
635 3977 853 4073 direptione.
886 3982 1013 4058 donata
1037 3980 1089 4056 est
1112 3982 1223 4085 leoni
1248 3984 1291 4056 X.
1316 4009 1338 4061 a

119 4074 232 4173 Duce
271 4073 926 4249 mvabe„ic·1tomffiktranssats
972 4077 1069 4159 ¹Vr'd.
1100 4075 1341 4257 Hortingfirui

242 4188 258 4209 ⁴
779 4194 804 4250 2
1286 4178 1344 4259 ist.

1377 4276 1465 4701 l
