3022 4806
66 496 69 499 ’
131 569 180 646 72
516 528 998 657 nuntiationem

126 725 186 800 -cit
219 741 334 800 totum
368 723 537 801 Franciae
571 743 736 819 regnum,
779 742 851 820 qno
874 716 1000 796 Divini
1029 715 1139 797 officii
1162 717 1357 797 celebratio

131 820 168 896 in
197 844 309 918 regno
333 821 560 918 prohibetur,
585 817 709 895 frustra
728 840 794 915 pro
813 819 917 912 Rege
941 815 1187 892 intercedente
1203 819 1354 894 Bernar-

126 919 182 992 -do
207 917 498 1008 claraevallense,
523 927 561 991 ‘et
589 919 696 993 Petro
713 910 967 1003 cluniacense,
997 930 1037 985 ut
1051 935 1097 987 ex
1113 933 1237 986 eorum
1260 914 1356 987 litte·

133 1012 180 1087 ris
208 1013 298 1107 apud
327 1016 514 1088 Baronium
547 1030 655 1108 patet.
714 1009 821 1110 Quod
854 1009 958 1104 usque
991 1007 1034 1082 ad
1066 1005 1278 1084 celestinum
1307 1006 1355 1085 11.

128 1110 286 1184 duravit.
335 1108 502 1207 Denique
529 1131 610 1184 cum
642 1101 719 1200 ipso
743 1102 893 1212 populo
924 1104 1089 1185 Romano
1114 1125 1228 1178 acrem
1254 1124 1355 1178 erer-

133 1204 210 1281 ‚cuit
235 1204 530 1296 contentionem,
572 1201 631 1280 cui
662 1201 859 1288 succubuit,
903 1220 1067 1273 moerore
1098 1199 1284 1275 confeclut
1313 1215 1355 1275 et

130 1317 303 1382 mortuus.
356 1300 484 1374 Voluit
517 1302 664 1397 populna
703 1295 879 1391 antiquam
910 1292 1102 1368 restitutam
1135 1295 1353 1386 libertatern,

133 1396 249 1490 Papae
276 1391 448 1467 sacrorum
479 1419 562 1470 cura
587 1411 723 1470 tantum
759 1390 892 1464 relidla.
944 1389 1026 1488 Quo
1060 1387 1124 1464 fini
1145 1391 1355 1467 -Conradnrn

133 1490 284 1563 Romam
310 1490 503 1581 invitavit,
529 1493 694 1564 Senatum
717 1481 919 1572 constitnit,
944 1485 989 1558 de
1006 1506 1093 1579 pace
1116 1505 1153 1559 er
1177 1487 1269 1561 bello
1292 1484 1360 1564 lla·

135 1583 227 1673 tuit,
261 1583 384 1658 frustra
405 1586 592 1661 obnitente
618 1580 849 1668 Innocenti0,
883 1603 949 1674 qua
965 1579 1169 1654 muneribus
1198 1607 1266 1680 qua
1292 1582 1358 1657 mi·

141 1679 208 1755 nia.
260 1679 417 1754 Duravit
441 1682 482 1755 lis
505 1683 611 1776 usque
634 1678 676 1754 ad
703 1678 921 1750 Clementem
944 1678 1011 1750 111.
1046 1677 1133 1751 Vid.
1159 1675 1253 1753 Otto
1276 1678 1356 1754 Fris

136 1774 311 1870 srngensrs.
361 1776 458 1850 Obiit
473 1777 564 1871 Papa
585 1797 615 1849 a.
645 1793 771 1866 1143·‚
800 1771 951 1866 sepultus
976 1772 1015 1845 in
1037 1770 1192 1846 Ecclesia
1213 1775 1359 1850 Latera·

137 1870 256 1959 nensi,
282 1869 433 1945 mirifice
459 1869 599 1968 abipso
623 1885 755 1942 ornata.
806 1866 964 1939 Tradunt
981 1868 1160 1957 nonnulli,
1184 1887 1223 1940 ut
1241 1869 1359 1944 Chro-

137 1967 246 2041 nicon
272 1966 539 2064 Hirsangiense,
574 1963 794 2052 Radevicus,
818 1979 856 2034 et
883 1961 958 2053 alii,
983 1985 1064 2036 eum
1081 1961 1118 2034 in
1135 1962 1267 2058 palatio
1291 1964 1361 2041 La·

140 2060 313 2136 teranensr
339 2061 469 2138 curasse
493 2060 594 2160 pingi
613 2058 818 2131 Lotharium
835 2055 1037 2147 Caesarem,
1062 2059 1104 2134 ad
1121 2057 1230 2153 pedes
1245 2061 1361 2171 Papae

137 2157 368 2327 prostratum,
409 2178 445 2235 et
471 2178 638 2235 coronam
663 2151 797 2249 inperii
826 2170 1076 2248 expetentem,
1107 2176 1187 2229 curn
1211 2153 1280 2231 h'ac
1300 2176 1360 2233 ιιι·

157 2273 341 2351 eruptione.
1347 2270 1355 2279 ·

235 2443 314 2517 Rex
337 2445 424 2515 venit
448 2443 655 2540 antefatos,
683 2448 806 2541 jurans
824 2448 917 2540 prius
939 2447 1043 2520 verbis
1066 2447 1210 2519 bonores.
1324 2496 1328 2506 .

195 2557 198 2563 “
279 2535 362 2634 eost
382 2539 470 2612 homo
495 2540 667 2640 (Vasallur
690 2541 747 2614 seu
772 2535 999 2638 feudatarius)
1018 2544 1065 2638 fir
1089 2542 1224 2635 Papae,
1242 2533 1359 2637 sumit

145 2686 149 2693 «
459 2661 519 2732 quo
540 2637 638 2711 dante
661 2658 819 2713 coronam.
1173 2680 1175 2684 >

192 2822 225 2994 F.
252 2826 364 2901 LXll.
394 2827 512 2902 Securi
536 2829 613 2903 sunt
639 2829 710 2905 duo
732 2826 923 2902 brevillimi
950 2827 1141 2924 temporis,
1174 2846 1213 2902 et
1237 2786 1359 2902 minoi

145 2945 189 3009 ce
204 2923 302 3012 ebrea
328 2923 396 2997 suis
419 2923 542 3018 gestis,
586 2926 780 3020 Coelellr'nus
803 2925 849 2997 11.
859 2979 870 3013 ,
909 2925 1062 2999 unanimi
1086 2943 1173 2999 voto
1198 2921 1361 2996 aCardi·

146 3016 299 3126 nalibus,
326 3018 540 3094 adclamante
564 3023 668 3096 Clero
683 3043 720 3133 et
736 3021 886 3120 populo,
910 3021 1062 3132 eleciua,
1088 3019 1119 3096 i.
1147 3041 1275 3112 1143..
1299 3017 1361 3126 qui

144 3112 1364 3308 lillelllllllal‘lztlllss³,emisistilaellllinll

146 3318 283 3382 tanturn
307 3302 394 3376 fecit
422 3307 669 3396 memorabile,
701 3305 793 3403 quod
819 3326 965 3396 regnum
994 3308 1162 3382 Franciae
1183 3306 1224 3379 ab
1252 3303 1364 3380 inter·

146 3394 242 3480 dido
260 3400 376 3500 sacro,
409 3402 507 3497 cujus
528 3403 635 3474 modo
658 3400 824 3486 memini,
866 3401 1087 3492 liberaverit,
1113 3420 1149 3476 et
1171 3421 1318 3496 pacem,
1340 3420 1364 3473 a

145 3491 332 3583 Ludovico
357 3497 458 3592 Rege
483 3498 653 3592 peritam,
691 3493 921 3586 concelierir3
952 3519 990 3573 ut
1014 3497 1117 3573 tradit
1139 3499 1367 3592 Chronogra·

148 3587 240 3685 phos
275 3591 570 3670 Mauriniacensrs.
622 3594 736 3666 Lucio
765 3592 922 3683 sedente,
955 3593 1051 3669 sedes
1081 3595 1216 3691 Papalis
1250 3593 1367 3665 hono·

148 3701 221 3791 rata
248 3686 389 3780 quidem
416 3687 484 3778 est,
518 3708 553 3759 et
578 3687 810 3786 amplificata,
840 3690 933 3784 quod
961 3690 1159 3786 Alphonsus
1185 3682 1365 3783 Portugal·

151 3778 335 3865 liae„srve
360 3784 460 3871 Rex,
495 3781 566 3856 save
593 3785 678 3857 Dux
703 3779 851 3878 (ipsese
885 3785 1044 3880 Regem,
1073 3789 1129 3859 sed
1157 3788 1247 3876 Papa
1278 3803 1363 3856 eum

148 3872 286 3946 Ducem
315 3876 524 3974 adpellavit,
560 3877 678 3970 postea
703 3881 845 3951 demum
873 3878 934 3952 sub
962 3881 1162 3954 Alexandro
1188 3881 1252 3955 111.
1279 3879 1366 3953 Rex'

144 3967 304 4071 agnitus)
331 3975 508 4052 Ducatum
531 3971 628 4050 suum
644 3972 771 4051 fecerit
787 3971 862 4050 sedi
877 3975 1096 4074 Apostolicae
1119 3975 1342 4077 tributarium
1349 4024 1366 4146 ξ

1235 4112 1237 4117 ·
1325 4090 1346 4144 e
