<?xml version="1.0" encoding="UTF-8"?>
<!DOCTYPE html PUBLIC "-//W3C//DTD XHTML 1.0 Transitional//EN"
    "http://www.w3.org/TR/xhtml1/DTD/xhtml1-transitional.dtd">
<html xmlns="http://www.w3.org/1999/xhtml" xml:lang="en" lang="en">
 <head>
  <title>
</title>
<meta http-equiv="Content-Type" content="text/html;charset=utf-8" />
  <meta name='ocr-system' content='tesseract 3.04.00' />
  <meta name='ocr-capabilities' content='ocr_page ocr_carea ocr_par ocr_line ocrx_word'/>
</head>
<body>
  <div class='ocr_page' id='page_1' title='image "./hermannivenemai00venegoog_0279.png"; bbox 0 0 3022 4806; ppageno 0'>
   <div class='ocr_carea' id='block_1_1' title="bbox 146 628 1267 761">
    <p class='ocr_par' dir='ltr' id='par_1_1' title="bbox 146 628 1267 761">
     <span class='ocr_line' id='line_1_1' title="bbox 146 628 1267 761; baseline -0.005 -37"><span class='ocrx_word' id='word_1_1' title='bbox 146 682 219 761; x_wconf 72' lang='lat'>270</span> <span class='ocrx_word' id='word_1_2' title='bbox 528 642 676 744; x_wconf 72' lang='lat' dir='ltr'>historia</span> <span class='ocrx_word' id='word_1_3' title='bbox 692 638 827 743; x_wconf 56' lang='lat' dir='ltr'>&#39;Eordoi</span> <span class='ocrx_word' id='word_1_4' title='bbox 846 636 968 742; x_wconf 56' lang='lat' dir='ltr'>Uirilis</span> <span class='ocrx_word' id='word_1_5' title='bbox 1024 672 1031 687; x_wconf 56' lang='lat'>⁸</span> <span class='ocrx_word' id='word_1_6' title='bbox 1261 628 1267 637; x_wconf 69' lang='grc'><em>’</em></span> 
     </span>
    </p>
   </div>
   <div class='ocr_carea' id='block_1_2' title="bbox 119 822 1390 3892">
    <p class='ocr_par' dir='ltr' id='par_1_2' title="bbox 150 822 1390 1204">
     <span class='ocr_line' id='line_1_2' title="bbox 150 822 1390 926; baseline -0.011 -10"><span class='ocrx_word' id='word_1_7' title='bbox 150 843 195 918; x_wconf 85' lang='lat' dir='ltr'>n‘s</span> <span class='ocrx_word' id='word_1_8' title='bbox 226 829 420 911; x_wconf 71' lang='lat' dir='ltr'>distiniiiur</span> <span class='ocrx_word' id='word_1_9' title='bbox 449 824 641 922; x_wconf 82' lang='lat' dir='ltr'>exponitur</span> <span class='ocrx_word' id='word_1_10' title='bbox 672 822 764 920; x_wconf 85' lang='lat' dir='ltr'>apud</span> <span class='ocrx_word' id='word_1_11' title='bbox 796 824 979 900; x_wconf 81' lang='lat' dir='ltr'>lizoviurn.¹</span> <span class='ocrx_word' id='word_1_12' title='bbox 1031 824 1197 926; x_wconf 84' lang='lat' dir='ltr'>Denique</span> <span class='ocrx_word' id='word_1_13' title='bbox 1230 825 1390 903; x_wconf 67' lang='lat' dir='ltr'>Robor-</span> 
     </span>
     <span class='ocr_line' id='line_1_3' title="bbox 153 920 1371 1028; baseline -0.012 -15"><span class='ocrx_word' id='word_1_14' title='bbox 153 960 229 1012; x_wconf 81' lang='lat' dir='ltr'>uum</span> <span class='ocrx_word' id='word_1_15' title='bbox 258 930 409 1028; x_wconf 82' lang='lat' dir='ltr'>ejusdem</span> <span class='ocrx_word' id='word_1_16' title='bbox 434 920 565 996; x_wconf 73' lang='lat' dir='ltr'>ordinis</span> <span class='ocrx_word' id='word_1_17' title='bbox 589 921 889 1010; x_wconf 81' lang='lat' dir='ltr'>Praedicatorum‚</span> <span class='ocrx_word' id='word_1_18' title='bbox 921 922 1166 1018; x_wconf 79' lang='lat' dir='ltr'>lnquifi&#39;torem</span> <span class='ocrx_word' id='word_1_19' title='bbox 1190 924 1371 999; x_wconf 85' lang='lat' dir='ltr'>coustituit</span> 
     </span>
     <span class='ocr_line' id='line_1_4' title="bbox 154 1013 1371 1117; baseline -0.012 -10"><span class='ocrx_word' id='word_1_20' title='bbox 154 1036 191 1108; x_wconf 89' lang='lat' dir='ltr'>in</span> <span class='ocrx_word' id='word_1_21' title='bbox 218 1032 381 1103; x_wconf 81' lang='lat' dir='ltr'>univerio</span> <span class='ocrx_word' id='word_1_22' title='bbox 410 1019 597 1094; x_wconf 83' lang='lat' dir='ltr'>Galliarum</span> <span class='ocrx_word' id='word_1_23' title='bbox 622 1038 757 1114; x_wconf 85' lang='lat' dir='ltr'>regno,</span> <span class='ocrx_word' id='word_1_24' title='bbox 789 1037 827 1089; x_wconf 89' lang='lat' dir='ltr'>et</span> <span class='ocrx_word' id='word_1_25' title='bbox 849 1013 977 1115; x_wconf 83' lang='lat' dir='ltr'>ubique</span> <span class='ocrx_word' id='word_1_26' title='bbox 1008 1021 1082 1094; x_wconf 80' lang='lat' dir='ltr'>hoc</span> <span class='ocrx_word' id='word_1_27' title='bbox 1105 1020 1291 1117; x_wconf 80' lang='lat' dir='ltr'><strong>negotium</strong></span> <span class='ocrx_word' id='word_1_28' title='bbox 1313 1041 1371 1094; x_wconf 83' lang='lat' dir='ltr'>ur·</span> 
     </span>
     <span class='ocr_line' id='line_1_5' title="bbox 155 1129 1190 1204; baseline -0.011 0"><span class='ocrx_word' id='word_1_29' title='bbox 155 1129 209 1204; x_wconf 83' lang='lat' dir='ltr'>fit.</span> <span class='ocrx_word' id='word_1_30' title='bbox 1183 1144 1190 1171; x_wconf 93' lang='lat'>·-</span> 
     </span>
    </p>

    <p class='ocr_par' dir='ltr' id='par_1_3' title="bbox 119 1206 1373 1975">
     <span class='ocr_line' id='line_1_6' title="bbox 205 1206 1373 1322; baseline -0.007 -28"><span class='ocrx_word' id='word_1_31' title='bbox 205 1223 235 1322; x_wconf 78' lang='lat'>§.</span> <span class='ocrx_word' id='word_1_32' title='bbox 261 1212 492 1294; x_wconf 83' lang='lat' dir='ltr'><strong>CCXXXIV.</strong></span> <span class='ocrx_word' id='word_1_33' title='bbox 518 1211 602 1285; x_wconf 85' lang='lat' dir='ltr'>Nee</span> <span class='ocrx_word' id='word_1_34' title='bbox 629 1224 744 1281; x_wconf 86' lang='lat' dir='ltr'>tamen</span> <span class='ocrx_word' id='word_1_35' title='bbox 769 1229 824 1281; x_wconf 80' lang='lat' dir='ltr'>rer</span> <span class='ocrx_word' id='word_1_36' title='bbox 849 1231 894 1283; x_wconf 90' lang='lat' dir='ltr'>eo</span> <span class='ocrx_word' id='word_1_37' title='bbox 918 1206 1045 1284; x_wconf 76' lang='lat' dir='ltr'>adduci</span> <span class='ocrx_word' id='word_1_38' title='bbox 1071 1209 1212 1306; x_wconf 86' lang='lat' dir='ltr'>potuit,</span> <span class='ocrx_word' id='word_1_39' title='bbox 1245 1206 1373 1286; x_wconf 81' lang='lat' dir='ltr'>nturi·</span> 
     </span>
     <span class='ocr_line' id='line_1_7' title="bbox 157 1302 1371 1416; baseline -0.011 -23"><span class='ocrx_word' id='word_1_40' title='bbox 157 1317 297 1398; x_wconf 84' lang='lat' dir='ltr'>bunalia</span> <span class='ocrx_word' id='word_1_41' title='bbox 322 1306 490 1409; x_wconf 85' lang='lat' dir='ltr'>ejusmodi</span> <span class='ocrx_word' id='word_1_42' title='bbox 513 1302 806 1412; x_wconf 25' lang='lat' dir='ltr'>fuerinttereuia,</span> <span class='ocrx_word' id='word_1_43' title='bbox 839 1304 964 1416; x_wconf 77' lang='lat' dir='ltr'>quibus</span> <span class='ocrx_word' id='word_1_44' title='bbox 994 1328 1103 1380; x_wconf 86' lang='lat' dir='ltr'>omne</span> <span class='ocrx_word' id='word_1_45' title='bbox 1132 1307 1181 1381; x_wconf 82' lang='lat' dir='ltr'>de</span> <span class='ocrx_word' id='word_1_46' title='bbox 1212 1308 1371 1405; x_wconf 86' lang='lat' dir='ltr'>persouir</span> 
     </span>
     <span class='ocr_line' id='line_1_8' title="bbox 162 1399 1370 1496; baseline -0.01 -7"><span class='ocrx_word' id='word_1_47' title='bbox 162 1413 329 1489; x_wconf 85' lang='lat' dir='ltr'>’odicium</span> <span class='ocrx_word' id='word_1_48' title='bbox 365 1400 570 1476; x_wconf 83' lang='lat' dir='ltr'>secularibus</span> <span class='ocrx_word' id='word_1_49' title='bbox 605 1400 773 1496; x_wconf 78' lang='lat' dir='ltr'>eripitur,</span> <span class='ocrx_word' id='word_1_50' title='bbox 806 1399 884 1496; x_wconf 84' lang='lat' dir='ltr'>ipirs</span> <span class='ocrx_word' id='word_1_51' title='bbox 917 1418 1049 1476; x_wconf 83' lang='lat' dir='ltr'>tantum</span> <span class='ocrx_word' id='word_1_52' title='bbox 1079 1401 1300 1495; x_wconf 75' lang='lat' dir='ltr'>sententiae,</span> <span class='ocrx_word' id='word_1_53' title='bbox 1329 1407 1370 1477; x_wconf 77' lang='lat' dir='ltr'>ub</span> 
     </span>
     <span class='ocr_line' id='line_1_9' title="bbox 156 1444 1372 1589; baseline -0.014 -2"><span class='ocrx_word' id='word_1_54' title='bbox 156 1444 408 1587; x_wconf 68' lang='lat' dir='ltr'>iicciesnsticis</span> <span class='ocrx_word' id='word_1_55' title='bbox 426 1503 533 1587; x_wconf 78' lang='lat' dir='ltr'>latae,</span> <span class='ocrx_word' id='word_1_56' title='bbox 559 1493 786 1570; x_wconf 75' lang='lat' dir='ltr'>exsecutione</span> <span class='ocrx_word' id='word_1_57' title='bbox 805 1497 943 1570; x_wconf 73' lang='lat' dir='ltr'>reuera:</span> <span class='ocrx_word' id='word_1_58' title='bbox 959 1497 1032 1570; x_wconf 90' lang='lat' dir='ltr'>irno</span> <span class='ocrx_word' id='word_1_59' title='bbox 1048 1497 1276 1589; x_wconf 77' lang='lat' dir='ltr'>Ludovicur,</span> <span class='ocrx_word' id='word_1_60' title='bbox 1293 1498 1372 1572; x_wconf 78' lang='lat' dir='ltr'>Gai·</span> 
     </span>
     <span class='ocr_line' id='line_1_10' title="bbox 157 1592 1369 1700; baseline -0.01 -21"><span class='ocrx_word' id='word_1_61' title='bbox 157 1607 224 1681; x_wconf 88' lang='lat' dir='ltr'>riae</span> <span class='ocrx_word' id='word_1_62' title='bbox 250 1624 333 1687; x_wconf 88' lang='lat' dir='ltr'>rex,</span> <span class='ocrx_word' id='word_1_63' title='bbox 371 1599 451 1694; x_wconf 86' lang='lat' dir='ltr'>lege</span> <span class='ocrx_word' id='word_1_64' title='bbox 476 1592 619 1700; x_wconf 73' lang='lat' dir='ltr'>emiffa,</span> <span class='ocrx_word' id='word_1_65' title='bbox 650 1596 762 1664; x_wconf 84' lang='lat' dir='ltr'>vetuit</span> <span class='ocrx_word' id='word_1_66' title='bbox 789 1592 929 1687; x_wconf 78' lang='lat' dir='ltr'>quidem</span> <span class='ocrx_word' id='word_1_67' title='bbox 955 1592 1109 1667; x_wconf 80' lang='lat' dir='ltr'>subditos</span> <span class='ocrx_word' id='word_1_68' title='bbox 1132 1593 1212 1668; x_wconf 72' lang='lat' dir='ltr'>suos</span> <span class='ocrx_word' id='word_1_69' title='bbox 1235 1598 1280 1669; x_wconf 74' lang='lat' dir='ltr'>ed</span> <span class='ocrx_word' id='word_1_70' title='bbox 1303 1595 1369 1667; x_wconf 79' lang='lat' dir='ltr'>Ec·</span> 
     </span>
     <span class='ocr_line' id='line_1_11' title="bbox 159 1687 1370 1785; baseline -0.009 -9"><span class='ocrx_word' id='word_1_71' title='bbox 159 1697 385 1778; x_wconf 83' lang='lat' dir='ltr'>eiesrasticurn</span> <span class='ocrx_word' id='word_1_72' title='bbox 413 1690 561 1765; x_wconf 83' lang='lat' dir='ltr'>tribunal</span> <span class='ocrx_word' id='word_1_73' title='bbox 587 1705 714 1759; x_wconf 82' lang='lat' dir='ltr'>citatos</span> <span class='ocrx_word' id='word_1_74' title='bbox 745 1708 963 1782; x_wconf 82' lang='lat' dir='ltr'>comparere,</span> <span class='ocrx_word' id='word_1_75' title='bbox 996 1687 1075 1779; x_wconf 87' lang='lat' dir='ltr'>sed,</span> <span class='ocrx_word' id='word_1_76' title='bbox 1106 1690 1198 1785; x_wconf 83' lang='lat' dir='ltr'>Papa</span> <span class='ocrx_word' id='word_1_77' title='bbox 1219 1689 1370 1765; x_wconf 76' lang='lat' dir='ltr'>interce·</span> 
     </span>
     <span class='ocr_line' id='line_1_12' title="bbox 159 1780 1372 1958; baseline -0.009 -86"><span class='ocrx_word' id='word_1_78' title='bbox 159 1798 287 1883; x_wconf 85' lang='lat' dir='ltr'>dente,</span> <span class='ocrx_word' id='word_1_79' title='bbox 314 1793 425 1958; x_wconf 60' lang='lat' dir='ltr'>lepern</span> <span class='ocrx_word' id='word_1_80' title='bbox 452 1808 525 1859; x_wconf 90' lang='lat' dir='ltr'>non</span> <span class='ocrx_word' id='word_1_81' title='bbox 547 1780 641 1856; x_wconf 85' lang='lat' dir='ltr'>orsu.</span> <span class='ocrx_word' id='word_1_82' title='bbox 692 1782 846 1855; x_wconf 84' lang='lat' dir='ltr'>Novitas</span> <span class='ocrx_word' id='word_1_83' title='bbox 869 1805 956 1856; x_wconf 87' lang='lat' dir='ltr'>vero</span> <span class='ocrx_word' id='word_1_84' title='bbox 980 1806 1049 1857; x_wconf 88' lang='lat' dir='ltr'>non</span> <span class='ocrx_word' id='word_1_85' title='bbox 1074 1801 1238 1875; x_wconf 88' lang='lat' dir='ltr'>tantum,</span> <span class='ocrx_word' id='word_1_86' title='bbox 1264 1786 1321 1861; x_wconf 83' lang='lat' dir='ltr'>sed</span> <span class='ocrx_word' id='word_1_87' title='bbox 1336 1802 1372 1860; x_wconf 78' lang='lat' dir='ltr'>et</span> 
     </span>
     <span class='ocr_line' id='line_1_13' title="bbox 119 1878 1372 1975; baseline 0.002 -22"><span class='ocrx_word' id='word_1_88' title='bbox 119 1947 122 1953; x_wconf 91' lang='lat'>.</span> <span class='ocrx_word' id='word_1_89' title='bbox 156 1889 317 1973; x_wconf 75' lang='lat' dir='ltr'>inaudita</span> <span class='ocrx_word' id='word_1_90' title='bbox 358 1909 379 1958; x_wconf 93' lang='lat' dir='ltr'>n</span> <span class='ocrx_word' id='word_1_91' title='bbox 406 1880 584 1954; x_wconf 86' lang='lat' dir='ltr'>uisrtorunr</span> <span class='ocrx_word' id='word_1_92' title='bbox 609 1878 813 1962; x_wconf 81' lang='lat' dir='ltr'>crudelitas,</span> <span class='ocrx_word' id='word_1_93' title='bbox 838 1882 936 1975; x_wconf 83' lang='lat' dir='ltr'>cujus</span> <span class='ocrx_word' id='word_1_94' title='bbox 962 1881 1058 1975; x_wconf 85' lang='lat' dir='ltr'>plura</span> <span class='ocrx_word' id='word_1_95' title='bbox 1082 1880 1230 1954; x_wconf 87' lang='lat' dir='ltr'>fuerunt</span> <span class='ocrx_word' id='word_1_96' title='bbox 1257 1903 1372 1957; x_wconf 86' lang='lat' dir='ltr'>exem·</span> 
     </span>
    </p>

    <p class='ocr_par' dir='ltr' id='par_1_4' title="bbox 151 1908 1378 3892">
     <span class='ocr_line' id='line_1_14' title="bbox 189 1908 1373 2086; baseline -0.005 -29"><span class='ocrx_word' id='word_1_97' title='bbox 189 1993 239 2075; x_wconf 82' lang='lat' dir='ltr'>la,</span> <span class='ocrx_word' id='word_1_98' title='bbox 271 1984 345 2057; x_wconf 89' lang='lat' dir='ltr'>vid.</span> <span class='ocrx_word' id='word_1_99' title='bbox 377 1908 529 2086; x_wconf 49' lang='lat' dir='ltr'>{angius</span> <span class='ocrx_word' id='word_1_100' title='bbox 551 1973 588 2046; x_wconf 92' lang='lat' dir='ltr'>in</span> <span class='ocrx_word' id='word_1_101' title='bbox 608 1994 700 2045; x_wconf 90' lang='lat' dir='ltr'>voce</span> <span class='ocrx_word' id='word_1_102' title='bbox 723 1971 913 2068; x_wconf 60' lang='lat' dir='ltr'>lnquistrin</span> <span class='ocrx_word' id='word_1_103' title='bbox 939 1975 1058 2049; x_wconf 84' lang='lat' dir='ltr'>odiosa</span> <span class='ocrx_word' id='word_1_104' title='bbox 1082 1975 1174 2050; x_wconf 86' lang='lat' dir='ltr'>fecit</span> <span class='ocrx_word' id='word_1_105' title='bbox 1197 1977 1289 2051; x_wconf 82' lang='lat' dir='ltr'>haee</span> <span class='ocrx_word' id='word_1_106' title='bbox 1314 1977 1373 2051; x_wconf 82' lang='lat' dir='ltr'>tri·</span> 
     </span>
     <span class='ocr_line' id='line_1_15' title="bbox 161 2017 1373 2175; baseline -0.012 -14"><span class='ocrx_word' id='word_1_107' title='bbox 161 2017 321 2169; x_wconf 71' lang='lat' dir='ltr'>ionalia3</span> <span class='ocrx_word' id='word_1_108' title='bbox 354 2099 456 2175; x_wconf 88' lang='lat' dir='ltr'>quarn</span> <span class='ocrx_word' id='word_1_109' title='bbox 487 2069 594 2169; x_wconf 82' lang='lat' dir='ltr'>ipsum</span> <span class='ocrx_word' id='word_1_110' title='bbox 626 2071 672 2142; x_wconf 90' lang='lat' dir='ltr'>ob</span> <span class='ocrx_word' id='word_1_111' title='bbox 705 2082 840 2144; x_wconf 70' lang='lat' dir='ltr'>caulam</span> <span class='ocrx_word' id='word_1_112' title='bbox 869 2071 1192 2162; x_wconf 83' lang='lat' dir='ltr'>Praedicatoribur,</span> <span class='ocrx_word' id='word_1_113' title='bbox 1225 2072 1373 2148; x_wconf 85' lang='lat' dir='ltr'>nimium</span> 
     </span>
     <span class='ocr_line' id='line_1_16' title="bbox 162 2166 1375 2268; baseline -0.01 -13"><span class='ocrx_word' id='word_1_114' title='bbox 162 2180 314 2267; x_wconf 80' lang='lat' dir='ltr'>severis,</span> <span class='ocrx_word' id='word_1_115' title='bbox 349 2169 503 2268; x_wconf 71' lang='lat' dir='ltr'>adjundii</span> <span class='ocrx_word' id='word_1_116' title='bbox 530 2167 605 2239; x_wconf 87' lang='lat' dir='ltr'>sunt</span> <span class='ocrx_word' id='word_1_117' title='bbox 633 2188 677 2239; x_wconf 85' lang='lat' dir='ltr'>ex</span> <span class='ocrx_word' id='word_1_118' title='bbox 697 2167 823 2240; x_wconf 83' lang='lat' dir='ltr'>ordine</span> <span class='ocrx_word' id='word_1_119' title='bbox 844 2166 1049 2249; x_wconf 82' lang='lat' dir='ltr'>Minorum.</span> <span class='ocrx_word' id='word_1_120' title='bbox 1086 2189 1234 2265; x_wconf 87' lang='lat' dir='ltr'>quorum</span> <span class='ocrx_word' id='word_1_121' title='bbox 1265 2171 1375 2266; x_wconf 85' lang='lat' dir='ltr'>major</span> 
     </span>
     <span class='ocr_line' id='line_1_17' title="bbox 164 2262 1376 2358; baseline -0.009 -6"><span class='ocrx_word' id='word_1_122' title='bbox 164 2294 237 2352; x_wconf 85' lang='lat' dir='ltr'>erat</span> <span class='ocrx_word' id='word_1_123' title='bbox 261 2270 392 2346; x_wconf 76' lang='lat' dir='ltr'>lenitas.</span> <span class='ocrx_word' id='word_1_124' title='bbox 442 2265 614 2351; x_wconf 84' lang='lat' dir='ltr'>Accedit,</span> <span class='ocrx_word' id='word_1_125' title='bbox 640 2265 745 2356; x_wconf 82' lang='lat' dir='ltr'>Papas</span> <span class='ocrx_word' id='word_1_126' title='bbox 777 2282 899 2337; x_wconf 86' lang='lat' dir='ltr'>contra</span> <span class='ocrx_word' id='word_1_127' title='bbox 921 2264 1014 2358; x_wconf 79' lang='lat' dir='ltr'>ipsos</span> <span class='ocrx_word' id='word_1_128' title='bbox 1038 2262 1157 2358; x_wconf 74' lang='lat' dir='ltr'>Reges</span> <span class='ocrx_word' id='word_1_129' title='bbox 1182 2280 1220 2336; x_wconf 87' lang='lat' dir='ltr'>et</span> <span class='ocrx_word' id='word_1_130' title='bbox 1246 2264 1376 2341; x_wconf 65' lang='lat' dir='ltr'>ennoi-</span> 
     </span>
     <span class='ocr_line' id='line_1_18' title="bbox 168 2356 1376 2458; baseline -0.003 -19"><span class='ocrx_word' id='word_1_131' title='bbox 168 2367 300 2442; x_wconf 85' lang='lat' dir='ltr'>&#39;esuri</span> <span class='ocrx_word' id='word_1_132' title='bbox 331 2361 485 2457; x_wconf 75' lang='lat' dir='ltr'>coepisse</span> <span class='ocrx_word' id='word_1_133' title='bbox 515 2361 584 2430; x_wconf 87' lang='lat' dir='ltr'>hoc</span> <span class='ocrx_word' id='word_1_134' title='bbox 623 2356 804 2441; x_wconf 81' lang='lat' dir='ltr'>tribunali,</span> <span class='ocrx_word' id='word_1_135' title='bbox 839 2376 877 2430; x_wconf 88' lang='lat' dir='ltr'>ut</span> <span class='ocrx_word' id='word_1_136' title='bbox 916 2362 1076 2455; x_wconf 77' lang='lat' dir='ltr'>exempla</span> <span class='ocrx_word' id='word_1_137' title='bbox 1106 2361 1186 2433; x_wconf 90' lang='lat' dir='ltr'>sunt</span> <span class='ocrx_word' id='word_1_138' title='bbox 1228 2358 1266 2433; x_wconf 87' lang='lat' dir='ltr'>in</span> <span class='ocrx_word' id='word_1_139' title='bbox 1297 2360 1376 2458; x_wconf 81' lang='lat' dir='ltr'>ipso</span> 
     </span>
     <span class='ocr_line' id='line_1_19' title="bbox 162 2396 1373 2553; baseline -0.015 -13"><span class='ocrx_word' id='word_1_140' title='bbox 162 2396 371 2546; x_wconf 70' lang='lat' dir='ltr'>irederico,</span> <span class='ocrx_word' id='word_1_141' title='bbox 405 2477 470 2528; x_wconf 91' lang='lat' dir='ltr'>nec</span> <span class='ocrx_word' id='word_1_142' title='bbox 497 2475 568 2524; x_wconf 92' lang='lat' dir='ltr'>non</span> <span class='ocrx_word' id='word_1_143' title='bbox 594 2450 757 2536; x_wconf 88' lang='lat' dir='ltr'>Ezeiino,</span> <span class='ocrx_word' id='word_1_144' title='bbox 787 2451 918 2526; x_wconf 87' lang='lat' dir='ltr'>Patavii</span> <span class='ocrx_word' id='word_1_145' title='bbox 946 2456 1122 2543; x_wconf 87' lang='lat' dir='ltr'>Domino,</span> <span class='ocrx_word' id='word_1_146' title='bbox 1159 2452 1219 2553; x_wconf 89' lang='lat' dir='ltr'>qui</span> <span class='ocrx_word' id='word_1_147' title='bbox 1242 2478 1264 2529; x_wconf 78' lang='lat' dir='ltr'>a</span> <span class='ocrx_word' id='word_1_148' title='bbox 1320 2477 1373 2528; x_wconf 72' lang='lat' dir='ltr'>ar·</span> 
     </span>
     <span class='ocr_line' id='line_1_20' title="bbox 151 2479 1374 2655; baseline -0.006 -21"><span class='ocrx_word' id='word_1_149' title='bbox 151 2555 259 2635; x_wconf 79' lang='lat' dir='ltr'>&#39;tibus</span> <span class='ocrx_word' id='word_1_150' title='bbox 285 2547 497 2648; x_wconf 80' lang='lat' dir='ltr'>Inperatorir</span> <span class='ocrx_word' id='word_1_151' title='bbox 527 2545 646 2655; x_wconf 64' lang='lat' dir='ltr'>iiabaq</span> <span class='ocrx_word' id='word_1_152' title='bbox 695 2545 782 2621; x_wconf 90' lang='lat' dir='ltr'>Vid.</span> <span class='ocrx_word' id='word_1_153' title='bbox 819 2549 1016 2645; x_wconf 85' lang='lat' dir='ltr'>Raynaldus</span> <span class='ocrx_word' id='word_1_154' title='bbox 1051 2554 1088 2623; x_wconf 92' lang='lat' dir='ltr'>in</span> <span class='ocrx_word' id='word_1_155' title='bbox 1122 2551 1249 2625; x_wconf 83' lang='lat' dir='ltr'>nnnar.</span> <span class='ocrx_word' id='word_1_156' title='bbox 1295 2479 1374 2627; x_wconf 68' lang='lat' dir='ltr'>inr-</span> 
     </span>
     <span class='ocr_line' id='line_1_21' title="bbox 163 2639 1376 2742; baseline -0.004 -13"><span class='ocrx_word' id='word_1_157' title='bbox 163 2672 262 2729; x_wconf 84' lang='lat' dir='ltr'>rante</span> <span class='ocrx_word' id='word_1_158' title='bbox 283 2669 396 2722; x_wconf 80' lang='lat' dir='ltr'>rotem</span> <span class='ocrx_word' id='word_1_159' title='bbox 415 2644 505 2716; x_wconf 87' lang='lat' dir='ltr'>belio</span> <span class='ocrx_word' id='word_1_160' title='bbox 531 2639 696 2713; x_wconf 78' lang='lat' dir='ltr'>intestino</span> <span class='ocrx_word' id='word_1_161' title='bbox 722 2643 814 2715; x_wconf 82' lang='lat' dir='ltr'>inter</span> <span class='ocrx_word' id='word_1_162' title='bbox 839 2646 1062 2738; x_wconf 68' lang='lat' dir='ltr'>Imperatores</span> <span class='ocrx_word' id='word_1_163' title='bbox 1086 2664 1123 2717; x_wconf 93' lang='lat' dir='ltr'>et</span> <span class='ocrx_word' id='word_1_164' title='bbox 1141 2647 1271 2742; x_wconf 74' lang='lat' dir='ltr'>Papae,</span> <span class='ocrx_word' id='word_1_165' title='bbox 1295 2670 1376 2724; x_wconf 84' lang='lat' dir='ltr'>curu</span> 
     </span>
     <span class='ocr_line' id='line_1_22' title="bbox 167 2737 1377 2836; baseline -0.006 -11"><span class='ocrx_word' id='word_1_166' title='bbox 167 2745 335 2829; x_wconf 83' lang='lat' dir='ltr'>haeretici</span> <span class='ocrx_word' id='word_1_167' title='bbox 362 2743 470 2836; x_wconf 84' lang='lat' dir='ltr'>magis</span> <span class='ocrx_word' id='word_1_168' title='bbox 493 2737 766 2828; x_wconf 83' lang='lat' dir='ltr'>invalescerent,</span> <span class='ocrx_word' id='word_1_169' title='bbox 800 2741 911 2833; x_wconf 82' lang='lat' dir='ltr'>Papae</span> <span class='ocrx_word' id='word_1_170' title='bbox 943 2742 986 2814; x_wconf 84' lang='lat' dir='ltr'>iis</span> <span class='ocrx_word' id='word_1_171' title='bbox 1019 2742 1227 2817; x_wconf 74' lang='lat' dir='ltr'>debellandis</span> <span class='ocrx_word' id='word_1_172' title='bbox 1261 2744 1377 2819; x_wconf 90' lang='lat' dir='ltr'>mino-</span> 
     </span>
     <span class='ocr_line' id='line_1_23' title="bbox 166 2834 1375 2942; baseline -0.009 -17"><span class='ocrx_word' id='word_1_173' title='bbox 166 2872 242 2926; x_wconf 87' lang='lat' dir='ltr'>rem</span> <span class='ocrx_word' id='word_1_174' title='bbox 282 2838 418 2942; x_wconf 83' lang='lat' dir='ltr'>poffent</span> <span class='ocrx_word' id='word_1_175' title='bbox 459 2834 541 2906; x_wconf 88' lang='lat' dir='ltr'>dare</span> <span class='ocrx_word' id='word_1_176' title='bbox 583 2857 754 2928; x_wconf 86' lang='lat' dir='ltr'>operam,</span> <span class='ocrx_word' id='word_1_177' title='bbox 798 2855 939 2906; x_wconf 83' lang='lat' dir='ltr'>mortuo</span> <span class='ocrx_word' id='word_1_178' title='bbox 983 2839 1122 2909; x_wconf 84' lang='lat' dir='ltr'>tandem</span> <span class='ocrx_word' id='word_1_179' title='bbox 1162 2838 1375 2934; x_wconf 84' lang='lat' dir='ltr'>Frederico,</span> 
     </span>
     <span class='ocr_line' id='line_1_24' title="bbox 168 2929 1376 3029; baseline -0.006 -12"><span class='ocrx_word' id='word_1_180' title='bbox 168 2938 354 3020; x_wconf 83' lang='lat' dir='ltr'>Germania</span> <span class='ocrx_word' id='word_1_181' title='bbox 376 2934 532 3019; x_wconf 81' lang='lat' dir='ltr'>turbata,</span> <span class='ocrx_word' id='word_1_182' title='bbox 556 2929 654 3003; x_wconf 80' lang='lat' dir='ltr'>Italia</span> <span class='ocrx_word' id='word_1_183' title='bbox 679 2929 839 3025; x_wconf 78' lang='lat' dir='ltr'>Principe</span> <span class='ocrx_word' id='word_1_184' title='bbox 865 2930 1053 3022; x_wconf 82' lang='lat' dir='ltr'>destituta,</span> <span class='ocrx_word' id='word_1_185' title='bbox 1077 2949 1114 3004; x_wconf 89' lang='lat' dir='ltr'>et</span> <span class='ocrx_word' id='word_1_186' title='bbox 1137 2932 1252 3029; x_wconf 86' lang='lat' dir='ltr'>Papae</span> <span class='ocrx_word' id='word_1_187' title='bbox 1269 2937 1376 3010; x_wconf 84' lang='lat' dir='ltr'>inno·</span> 
     </span>
     <span class='ocr_line' id='line_1_25' title="bbox 167 3024 1375 3126; baseline -0.006 -12"><span class='ocrx_word' id='word_1_188' title='bbox 167 3038 291 3116; x_wconf 77' lang='lat' dir='ltr'>centio</span> <span class='ocrx_word' id='word_1_189' title='bbox 315 3032 382 3105; x_wconf 90' lang='lat' dir='ltr'>lV.</span> <span class='ocrx_word' id='word_1_190' title='bbox 410 3030 530 3101; x_wconf 84' lang='lat' dir='ltr'>omnia</span> <span class='ocrx_word' id='word_1_191' title='bbox 563 3025 673 3098; x_wconf 84' lang='lat' dir='ltr'>effent</span> <span class='ocrx_word' id='word_1_192' title='bbox 708 3024 878 3120; x_wconf 73' lang='lat' dir='ltr'>subjecia,</span> <span class='ocrx_word' id='word_1_193' title='bbox 911 3025 984 3122; x_wconf 85' lang='lat' dir='ltr'>ipse</span> <span class='ocrx_word' id='word_1_194' title='bbox 1013 3028 1147 3124; x_wconf 77' lang='lat' dir='ltr'>primus</span> <span class='ocrx_word' id='word_1_195' title='bbox 1181 3034 1375 3126; x_wconf 79' lang='lat' dir='ltr'>separatum</span> 
     </span>
     <span class='ocr_line' id='line_1_26' title="bbox 167 3120 1378 3230; baseline -0.005 -21"><span class='ocrx_word' id='word_1_196' title='bbox 167 3129 308 3230; x_wconf 78' lang='lat' dir='ltr'>aliquod</span> <span class='ocrx_word' id='word_1_197' title='bbox 339 3123 488 3199; x_wconf 82' lang='lat' dir='ltr'>tribunal</span> <span class='ocrx_word' id='word_1_198' title='bbox 516 3120 630 3194; x_wconf 84' lang='lat' dir='ltr'>erexit</span> <span class='ocrx_word' id='word_1_199' title='bbox 653 3120 688 3193; x_wconf 91' lang='lat' dir='ltr'>in</span> <span class='ocrx_word' id='word_1_200' title='bbox 715 3123 833 3208; x_wconf 83' lang='lat' dir='ltr'>ltalia,</span> <span class='ocrx_word' id='word_1_201' title='bbox 860 3142 928 3194; x_wconf 90' lang='lat' dir='ltr'>non</span> <span class='ocrx_word' id='word_1_202' title='bbox 961 3145 1087 3215; x_wconf 89' lang='lat' dir='ltr'>unum,</span> <span class='ocrx_word' id='word_1_203' title='bbox 1113 3125 1172 3198; x_wconf 87' lang='lat' dir='ltr'>sed</span> <span class='ocrx_word' id='word_1_204' title='bbox 1196 3123 1314 3218; x_wconf 81' lang='lat' dir='ltr'>varia,</span> <span class='ocrx_word' id='word_1_205' title='bbox 1338 3129 1378 3203; x_wconf 86' lang='lat' dir='ltr'>iu</span> 
     </span>
     <span class='ocr_line' id='line_1_27' title="bbox 166 3215 1377 3313; baseline -0.004 -8"><span class='ocrx_word' id='word_1_206' title='bbox 166 3224 312 3307; x_wconf 79' lang='lat' dir='ltr'>diversis</span> <span class='ocrx_word' id='word_1_207' title='bbox 354 3220 471 3293; x_wconf 81' lang='lat' dir='ltr'>Italiae</span> <span class='ocrx_word' id='word_1_208' title='bbox 505 3215 668 3313; x_wconf 85' lang='lat' dir='ltr'>parribus.</span> <span class='ocrx_word' id='word_1_209' title='bbox 724 3217 865 3289; x_wconf 87' lang='lat' dir='ltr'>Creavit</span> <span class='ocrx_word' id='word_1_210' title='bbox 904 3217 1056 3311; x_wconf 87' lang='lat' dir='ltr'>primurn</span> <span class='ocrx_word' id='word_1_211' title='bbox 1087 3223 1124 3292; x_wconf 89' lang='lat' dir='ltr'>iu</span> <span class='ocrx_word' id='word_1_212' title='bbox 1159 3222 1316 3297; x_wconf 79' lang='lat' dir='ltr'>insubria</span> <span class='ocrx_word' id='word_1_213' title='bbox 1346 3246 1377 3300; x_wconf 76' lang='grc' dir='ltr'>ι.</span> 
     </span>
     <span class='ocr_line' id='line_1_28' title="bbox 171 3310 1378 3414; baseline -0.002 -17"><span class='ocrx_word' id='word_1_214' title='bbox 171 3349 214 3402; x_wconf 83' lang='lat'>12</span> <span class='ocrx_word' id='word_1_215' title='bbox 221 3346 278 3414; x_wconf 72' lang='lat'>52.</span> <span class='ocrx_word' id='word_1_216' title='bbox 305 3315 527 3414; x_wconf 82' lang='lat' dir='ltr'>Inquisitores</span> <span class='ocrx_word' id='word_1_217' title='bbox 548 3310 741 3385; x_wconf 87' lang='lat' dir='ltr'>Vivianum</span> <span class='ocrx_word' id='word_1_218' title='bbox 766 3314 1049 3408; x_wconf 83' lang='lat' dir='ltr'>Bergomensenr,</span> <span class='ocrx_word' id='word_1_219' title='bbox 1074 3335 1111 3388; x_wconf 85' lang='lat' dir='ltr'>et</span> <span class='ocrx_word' id='word_1_220' title='bbox 1137 3317 1284 3391; x_wconf 86' lang='lat' dir='ltr'>Petrum</span> <span class='ocrx_word' id='word_1_221' title='bbox 1303 3320 1378 3394; x_wconf 85' lang='lat' dir='ltr'>Ve-</span> 
     </span>
     <span class='ocr_line' id='line_1_29' title="bbox 170 3407 1378 3513; baseline -0.002 -22"><span class='ocrx_word' id='word_1_222' title='bbox 170 3415 375 3500; x_wconf 70' lang='lat' dir='ltr'>ronensern,</span> <span class='ocrx_word' id='word_1_223' title='bbox 396 3436 440 3486; x_wconf 84' lang='lat' dir='ltr'>ex</span> <span class='ocrx_word' id='word_1_224' title='bbox 457 3407 578 3484; x_wconf 84' lang='lat' dir='ltr'>ordine</span> <span class='ocrx_word' id='word_1_225' title='bbox 590 3408 889 3496; x_wconf 85' lang='lat' dir='ltr'>Praedicatorurn,</span> <span class='ocrx_word' id='word_1_226' title='bbox 908 3409 996 3483; x_wconf 87' lang='lat' dir='ltr'>daris</span> <span class='ocrx_word' id='word_1_227' title='bbox 1012 3410 1160 3499; x_wconf 86' lang='lat' dir='ltr'>litteris,</span> <span class='ocrx_word' id='word_1_228' title='bbox 1177 3415 1271 3510; x_wconf 83' lang='lat' dir='ltr'>apud</span> <span class='ocrx_word' id='word_1_229' title='bbox 1285 3416 1378 3513; x_wconf 75' lang='lat' dir='ltr'>Ray·</span> 
     </span>
     <span class='ocr_line' id='line_1_30' title="bbox 167 3502 1374 3592; baseline -0.006 -1"><span class='ocrx_word' id='word_1_230' title='bbox 167 3516 306 3592; x_wconf 89' lang='lat' dir='ltr'>naidum</span> <span class='ocrx_word' id='word_1_231' title='bbox 331 3508 456 3584; x_wconf 87' lang='lat' dir='ltr'>obviis.</span> <span class='ocrx_word' id='word_1_232' title='bbox 507 3506 572 3579; x_wconf 87' lang='lat' dir='ltr'>Sed</span> <span class='ocrx_word' id='word_1_233' title='bbox 599 3505 738 3592; x_wconf 83' lang='lat' dir='ltr'>Petrus,</span> <span class='ocrx_word' id='word_1_234' title='bbox 772 3502 808 3577; x_wconf 90' lang='lat' dir='ltr'>in</span> <span class='ocrx_word' id='word_1_235' title='bbox 839 3505 966 3578; x_wconf 85' lang='lat' dir='ltr'>itinere</span> <span class='ocrx_word' id='word_1_236' title='bbox 990 3509 1102 3580; x_wconf 85' lang='lat' dir='ltr'>Conro</span> <span class='ocrx_word' id='word_1_237' title='bbox 1131 3509 1374 3584; x_wconf 83' lang='lat' dir='ltr'>Mediolanum</span> 
     </span>
     <span class='ocr_line' id='line_1_31' title="bbox 171 3598 1374 3702; baseline -0.007 -15"><span class='ocrx_word' id='word_1_238' title='bbox 171 3614 215 3687; x_wconf 80' lang='lat' dir='ltr'>ab</span> <span class='ocrx_word' id='word_1_239' title='bbox 242 3608 358 3689; x_wconf 83' lang='lat' dir='ltr'>aliquo</span> <span class='ocrx_word' id='word_1_240' title='bbox 384 3603 560 3675; x_wconf 81' lang='lat' dir='ltr'>haeretico</span> <span class='ocrx_word' id='word_1_241' title='bbox 579 3598 784 3673; x_wconf 79' lang='lat' dir='ltr'>intersedius</span> <span class='ocrx_word' id='word_1_242' title='bbox 801 3600 870 3689; x_wconf 88' lang='lat' dir='ltr'>est,</span> <span class='ocrx_word' id='word_1_243' title='bbox 895 3603 938 3674; x_wconf 88' lang='lat' dir='ltr'>ab</span> <span class='ocrx_word' id='word_1_244' title='bbox 957 3602 1157 3676; x_wconf 81' lang='lat' dir='ltr'>Alexandro</span> <span class='ocrx_word' id='word_1_245' title='bbox 1182 3607 1251 3679; x_wconf 83' lang='lat' dir='ltr'>IV.</span> <span class='ocrx_word' id='word_1_246' title='bbox 1270 3629 1374 3702; x_wconf 88' lang='lat' dir='ltr'>prop·</span> 
     </span>
     <span class='ocr_line' id='line_1_32' title="bbox 170 3695 1372 3794; baseline -0.005 -12"><span class='ocrx_word' id='word_1_247' title='bbox 170 3727 268 3783; x_wconf 89' lang='lat' dir='ltr'>terea</span> <span class='ocrx_word' id='word_1_248' title='bbox 287 3697 407 3773; x_wconf 72' lang='lat' dir='ltr'>sandiis</span> <span class='ocrx_word' id='word_1_249' title='bbox 425 3695 633 3788; x_wconf 84' lang='lat' dir='ltr'>adscriptus,</span> <span class='ocrx_word' id='word_1_250' title='bbox 652 3697 824 3788; x_wconf 89' lang='lat' dir='ltr'>indeque,</span> <span class='ocrx_word' id='word_1_251' title='bbox 842 3695 918 3790; x_wconf 88' lang='lat' dir='ltr'>post</span> <span class='ocrx_word' id='word_1_252' title='bbox 932 3699 1176 3788; x_wconf 85' lang='lat' dir='ltr'>Dominicum,</span> <span class='ocrx_word' id='word_1_253' title='bbox 1194 3718 1372 3794; x_wconf 73' lang='lat' dir='ltr'>patronus,</span> 
     </span>
     <span class='ocr_line' id='line_1_33' title="bbox 173 3790 1373 3892; baseline 0.002 -22"><span class='ocrx_word' id='word_1_254' title='bbox 173 3826 214 3881; x_wconf 76' lang='lat' dir='ltr'>ac</span> <span class='ocrx_word' id='word_1_255' title='bbox 237 3798 424 3892; x_wconf 81' lang='lat' dir='ltr'>princeps,</span> <span class='ocrx_word' id='word_1_256' title='bbox 450 3791 484 3862; x_wconf 89' lang='lat' dir='ltr'>S.</span> <span class='ocrx_word' id='word_1_257' title='bbox 512 3790 632 3864; x_wconf 87' lang='lat' dir='ltr'>Officii</span> <span class='ocrx_word' id='word_1_258' title='bbox 659 3791 868 3883; x_wconf 72' lang='lat' dir='ltr'>adparatus,</span> <span class='ocrx_word' id='word_1_259' title='bbox 901 3793 1019 3889; x_wconf 89' lang='lat' dir='ltr'>etqui</span> <span class='ocrx_word' id='word_1_260' title='bbox 1044 3795 1171 3890; x_wconf 86' lang='lat' dir='ltr'>primus</span> <span class='ocrx_word' id='word_1_261' title='bbox 1198 3800 1283 3872; x_wconf 87' lang='lat' dir='ltr'>iilud</span> <span class='ocrx_word' id='word_1_262' title='bbox 1303 3803 1373 3874; x_wconf 82' lang='lat' dir='ltr'>ian·</span> 
     </span>
    </p>
   </div>
   <div class='ocr_carea' id='block_1_3' title="bbox 153 3885 1373 4275">
    <p class='ocr_par' dir='ltr' id='par_1_5' title="bbox 153 3885 1373 4275">
     <span class='ocr_line' id='line_1_34' title="bbox 195 3885 1373 3986; baseline -0.008 -12"><span class='ocrx_word' id='word_1_263' title='bbox 195 3898 275 3974; x_wconf 88' lang='lat' dir='ltr'>uine</span> <span class='ocrx_word' id='word_1_264' title='bbox 308 3890 368 3964; x_wconf 88' lang='lat' dir='ltr'>suo</span> <span class='ocrx_word' id='word_1_265' title='bbox 402 3886 627 3962; x_wconf 83' lang='lat' dir='ltr'>consecravit.</span> <span class='ocrx_word' id='word_1_266' title='bbox 678 3885 773 3972; x_wconf 89' lang='lat' dir='ltr'>Sed,</span> <span class='ocrx_word' id='word_1_267' title='bbox 813 3906 858 3956; x_wconf 91' lang='lat' dir='ltr'>ne</span> <span class='ocrx_word' id='word_1_268' title='bbox 891 3909 950 3961; x_wconf 88' lang='lat' dir='ltr'>aut</span> <span class='ocrx_word' id='word_1_269' title='bbox 989 3890 1278 3986; x_wconf 89' lang='lat' dir='ltr'>Episcoporum,</span> <span class='ocrx_word' id='word_1_270' title='bbox 1317 3907 1373 3967; x_wconf 83' lang='lat' dir='ltr'>aut</span> 
     </span>
     <span class='ocr_line' id='line_1_35' title="bbox 169 3924 1369 4086; baseline -0.01 -14"><span class='ocrx_word' id='word_1_271' title='bbox 169 3924 393 4086; x_wconf 72' lang='lat' dir='ltr'>irincipum,</span> <span class='ocrx_word' id='word_1_272' title='bbox 425 3981 607 4077; x_wconf 83' lang='lat' dir='ltr'>privilegia</span> <span class='ocrx_word' id='word_1_273' title='bbox 649 3979 840 4074; x_wconf 85' lang='lat' dir='ltr'>infringere</span> <span class='ocrx_word' id='word_1_274' title='bbox 871 3983 1048 4058; x_wconf 80' lang='lat' dir='ltr'>videretur</span> <span class='ocrx_word' id='word_1_275' title='bbox 1082 3988 1194 4084; x_wconf 87' lang='lat' dir='ltr'>Papa,</span> <span class='ocrx_word' id='word_1_276' title='bbox 1237 3987 1369 4074; x_wconf 81' lang='lat' dir='ltr'>uoluit,</span> 
     </span>
     <span class='ocr_line' id='line_1_36' title="bbox 153 4075 1372 4275; baseline -0.012 -105"><span class='ocrx_word' id='word_1_277' title='bbox 153 4160 156 4165; x_wconf 22' lang='lat'><strong>⁴</strong></span> <span class='ocrx_word' id='word_1_278' title='bbox 168 4111 208 4231; x_wconf 81' lang='lat' dir='ltr'>ut</span> <span class='ocrx_word' id='word_1_279' title='bbox 233 4112 312 4169; x_wconf 89' lang='lat' dir='ltr'>curn</span> <span class='ocrx_word' id='word_1_280' title='bbox 331 4076 537 4185; x_wconf 76' lang='lat' dir='ltr'>inquisitore</span> <span class='ocrx_word' id='word_1_281' title='bbox 551 4075 660 4178; x_wconf 85' lang='lat' dir='ltr'>judex</span> <span class='ocrx_word' id='word_1_282' title='bbox 686 4075 816 4213; x_wconf 74' lang='lat' dir='ltr'>sederet</span> <span class='ocrx_word' id='word_1_283' title='bbox 833 4076 1047 4181; x_wconf 77' lang='lat' dir='ltr'>Episcopus,</span> <span class='ocrx_word' id='word_1_284' title='bbox 1082 4089 1121 4157; x_wconf 68' lang='lat' dir='ltr'>eu·</span> <span class='ocrx_word' id='word_1_285' title='bbox 1143 4078 1372 4275; x_wconf 50' lang='lat' dir='ltr'>Magidiqqqtpq‘</span> 
     </span>
    </p>
   </div>
   <div class='ocr_carea' id='block_1_4' title="bbox 0 0 1527 4806">
    <p class='ocr_par' dir='ltr' id='par_1_6' title="bbox 0 0 1527 4806">
     <span class='ocr_line' id='line_1_37' title="bbox 0 0 1527 4806; baseline 0 0"><span class='ocrx_word' id='word_1_286' title='bbox 0 0 1527 4806; x_wconf 95' lang='lat' dir='ltr'> </span> 
     </span>
    </p>
   </div>
  </div>
 </body>
</html>
