2976 4830
243 524 253 555 ⁸
496 566 657 688 inflatu
670 586 794 684 octat
820 587 940 683 curru.

104 760 198 859 apud
225 766 392 860 maiorem
415 769 535 862 populi
562 791 697 864 partem
725 768 784 841 stbi
812 789 944 839 nomen
968 782 1006 838 et
1024 763 1260 838 autoritatem
1276 782 1322 837 vr·

108 862 156 933 tis
181 860 389 949 vindicasse,
415 888 482 961 pto
505 866 679 937 concione
707 868 957 957 saepenumero
982 860 1193 956 praedixili'e
1218 880 1321 932 extet·

109 977 235 1029 norum
261 958 476 1034 exercituum
503 960 540 1032 in
557 963 689 1033 ltaliam
708 961 916 1044 ademtam,
944 980 980 1028 et
999 954 1252 1053 grallatioues,
1274 955 1322 1025 de·

112 1051 218 1145 nique
250 1052 359 1141 haec,
389 1074 424 1125 et
455 1059 525 1128 olio
557 1059 677 1141 truita,
702 1058 781 1149 quie
814 1055 953 1149 quotidie
975 1055 1214 1143 praedicebat,
1239 1072 1321 1145 nequ

110 1148 255 1223 butrano
279 1152 480 1263 conjtiluto,
508 1174 604 1245 neque
628 1174 669 1223 ex
693 1152 861 1247 cujusdam
881 1147 1060 1244 scriptoris
1085 1145 1255 1240 scientia,
1270 1144 1323 1238 sel
1362 1220 1366 1239 Ι

111 1242 184 1322 Dei
204 1240 310 1339 silius
328 1245 499 1338 instiuilu,
524 1262 620 1340 utque
638 1245 784 1342 adflatu,
806 1250 1056 1339 procurantium,
1078 1246 1139 1316 sed
1157 1250 1196 1315 in
1217 1240 1320 1313 ultima

113 1341 169 1412 sua
201 1335 438 1428 confessione,
464 1344 499 1414 se
530 1364 570 1417 ea
603 1367 647 1416 ex
681 1345 715 1419 S,
741 1342 918 1434 Scriptum
944 1339 1115 1426 hausisse,
1142 1339 1321 1410 declaravit

112 1430 204 1536 apud
230 1430 462 1519 euiscerat.
481 1438 547 1515 ΙΙΙ.
570 1438 629 1521 fin.
647 1460 682 1527 4,
708 1437 868 1523 Summae
892 1432 956 1507 suit
978 1433 1209 1522 autoritatis,
1235 1454 1321 1527 quant

111 1529 334 1631 eloquentia,
359 1550 396 1603 et
413 1538 587 1619 moribus,
606 1554 645 1605 ac
662 1531 888 1628 prudentibus
905 1527 988 1601 datis
1007 1528 1187 1617 confiliis,
1204 1526 1264 1600 libi
1276 1542 1321 1600 ati

116 1619 277 1728 quilrvit,
302 1620 354 1699 lta
379 1645 416 1699 ut
441 1632 483 1701 ab
509 1631 583 1722 ejus
597 1627 672 1698 sete
689 1648 751 1699 ore
769 1625 975 1720 pependerit
991 1624 1114 1710 ltalia,
1140 1643 1181 1698 et
1196 1624 1320 1696 Floren-

113 1728 186 1819 ωε
224 1715 309 1793 esset
339 1720 451 1793 anima
484 1725 639 1817 omnium
673 1721 891 1794 consiliorum
924 1742 966 1796 ac
999 1741 1164 1815 opetum.
1216 1718 1323 1793 Medi:

117 1810 230 1902 cacis,
254 1817 470 1910 tyrannidem
488 1817 749 1905 exercentibus,
776 1810 942 1909 expulfis,
967 1832 1002 1885 et
1020 1815 1156 1908 populo
1173 1813 1324 1887 tumultu:

126 1920 230 1997 ante,
261 1909 334 2006 ipse
365 1911 578 2001 compescuit
614 1929 745 1999 motus,
777 1912 973 1981 libertatem
1007 1929 1043 1980 et
1072 1910 1155 2002 juta
1184 1908 1322 1983 reddidit

120 2005 275 2174 populo,
307 2008 536 2102 omnibusque
561 2005 708 2103 praefuit
741 2000 901 2099 negotiis.
953 2026 988 2098 5.
1023 2003 1347 2081 Reformationeu·

153 2121 260 2173 renue
291 2098 395 2192 utlit,
431 2103 568 2200 scriptis
601 2103 706 2172 etiam
738 2101 781 2172 ad
812 2097 991 2194 Principes
1022 2099 1173 2189 litteris,
1214 2099 1324 2195 quibus

122 2194 365 2271 cohortatus
395 2195 462 2286 est,
491 2219 528 2273 ut
555 2197 726 2271 Ecclesiae
749 2191 936 2287 collapsae,
964 2214 1170 2267 convocata
1193 2196 1217 2266 S
1243 2192 1322 2267 uodo

122 2288 382 2377 Oecunrenica‚
408 2293 630 2385 succurrant„
672 2290 777 2363 Vidit
795 2289 944 2381 denique
958 2291 1127 2380 abusum,
1154 2307 1191 2363 et
1206 2219 1320 2363 tiodri-

121 2404 190 2457 aae
215 2383 521 2477 depravationem,
547 2390 582 2459 in
601 2384 752 2459 Ecclesia
767 2383 958 2457 Ponnfieia.
1008 2386 1149 2478 Utique
1166 2381 1322 2481 reprobas·

120 2476 159 2552 {e
192 2478 337 2551 traditur
363 2502 513 2573 opetum
545 2481 689 2568 metita,
724 2477 972 2553 confessionem
1000 2480 1242 2568 auricularem,
1269 2478 1318 2551 itt·

124 2569 384 2735 dulpentiatum
411 2577 699 2664 nundinationes,
724 2574 1005 2648 communionem
1026 2573 1090 2648 sub
1110 2598 1184 2650 una
1198 2571 1319 2673 specie,

120 2683 164 2737 et
202 2668 303 2741 milia
326 2673 401 2743 alia.
453 2672 538 2749 Viti.
567 2675 748 2766 catologus
771 2669 897 2762 testium
920 2675 1086 2747 perituris.
1326 2698 1330 2703 ·

174 2758 209 2857 s.
236 2766 437 2840 CCCXCV.
472 2769 715 2853 celebritatem
748 2765 923 2860 postremo
958 2766 1032 2857 ejus
1065 2763 1165 2842 auxit
1209 2765 1326 2861 tragica

128 2878 234 2934 rnort.
284 2862 370 2935 Cum
395 2862 432 2936 in
460 2864 647 2938 Alexandri
675 2865 762 2947 Vl,
788 2880 824 2933 et
842 2863 1087 2933 nonnullorum
1104 2884 1153 2935 ex
1171 2864 1326 2938 nobilibus

127 2953 430 3045 Florentinorum‚
457 2961 517 3055 qui
535 2983 648 3049 mores
671 2958 743 3053 ejus
758 2953 920 3043 severos,
947 2978 989 3028 ac
1010 2956 1328 3050 reprehensionem.

124 3048 227 3125 ferte
251 3074 322 3123 non
347 3054 504 3147 pollent,
529 3056 647 3128 odium
671 3049 861 3137 incidisset,
886 3052 1073 3122 anathema
1096 3050 1136 3125 in
1154 3052 1266 3149 ipsum
1286 3048 1328 3125 el

129 3146 419 3241 pronunciatum,
445 3169 480 3224 et
505 3152 641 3247 inpetus
664 3146 699 3220 in
725 3171 803 3219 eum
828 3144 922 3237 est,a
945 3148 973 3216 F
975 3146 1189 3224 ranciscanis
1214 3148 1329 3237 fabius,

131 3260 213 3313 curn
236 3238 272 3312 in
299 3243 453 3342 Templo
475 3247 578 3334 esset,
609 3246 703 3317 fetro
726 3261 762 3315 et
785 3242 923 3315 flamma
946 3240 1079 3314 aditum
1112 3241 1179 3320 fibi
1213 3246 1333 3323 facier-

135 3335 249 3410 tibus:
276 3336 335 3433 qui
360 3344 500 3438 quidem
519 3345 560 3417 ab
580 3335 868 3439 Hieronymianis
890 3335 968 3409 sunt
991 3337 1139 3433 repulsi,
1166 3340 1331 3431 sedtum,

135 3430 217 3507 data
242 3456 261 3505 a
284 3436 408 3510 Senatu
432 3438 519 3525 lide,
544 3456 582 3508 ut
597 3433 782 3519 incolumis
798 3451 1033 3528 reverteretur
1046 3431 1088 3505 in
1106 3436 1332 3543 coenobium,

136 3528 289 3625 egressus
313 3530 418 3617 esset,
453 3534 579 3603 summa
604 3530 752 3626 perfidia·
773 3526 1028 3620 adprehensus,
1054 3532 1194 3606 carceri
1216 3552 1336 3606 manet·

137 3645 260 3722 patus,
293 3624 470 3703 ‘calumniis
496 3630 656 3715 obrutus,
681 3620 869 3713 haeresint,
897 3634 936 3696 'et
968 3621 1054 3697 falso
1086 3620 1340 3721 praetensam?

139 3720 413 3805 revelationum,
439 3744 517 3794 reus
541 3721 653 3807 auus,
678 3724 720 3793 ab
752 3714 1023 3811 inquilitotibus·
1042 3717 1243 3811 damnatus,
1261 3722 1337 3795 bra*

136 3819 224 3893 chio
247 3813 389 3887 seculari
417 3818 579 3903 traditus,
613 3816 855 3913 strangulatus,
883 3833 919 3887 et
954 3815 1036 3909 dein
1070 3817 1262 3892 cornbullus
1286 3806 1337 3887 est

138 3916 178 3992 itt
203 3911 281 3984 soto
307 3910 518 3987 Florentino.
568 3914 736 3986 Traditur
759 3907 896 4007 quidem
914 3908 1175 4002 revelationum
1195 3912 1340 3989 falsatum

132 4004 389 4101 couseffiuaem
413 4008 597 4121 aliqualem·
623 4008 688 4109 ipfi
705 3996 1117 4135 po·,torrnenta·'suilse
1149 4026 1344 4091 extortam}

20 4132 253 4472 f,
