3022 4806
221 600 293 662 m
598 574 898 679 monstrarent
921 576 1039 678 mm.

223 762 281 850 sa,
300 754 379 834 'imo
396 754 618 833 contumacia
634 758 670 830 in
687 758 892 845 sceleribus,
916 778 957 830 ac
972 753 1217 846 continuatio,
1241 754 1431 852 Bcclcfiar,

224 878 281 930 ex.
298 881 374 950 gn,
397 853 599 951 expilando,
624 855 811 927 electiones
828 853 1065 948 inpediendo,
1081 853 1238 928 Clericus
1250 857 1432 948 adjudici-

225 976 286 1026 um
301 951 450 1025 ieculare
467 947 658 1036 trahendo,
682 946 1057 1043 patibulisadligendo,
1080 967 1150 1024 etc.
1199 951 1430 1045 &Sacrilegi

226 1071 300 1136 um,
324 1043 538 1130 Cardinales,
561 1046 711 1139 aliosque
735 1043 926 1131 Praelutos,
950 1042 992 1114 cd
1015 1043 1216 1138 synodum,
1242 1067 1262 1116 a
1286 1044 1428 1141 Grego-

223 1142 283 1217 rio
298 1138 486 1227 indictam,
511 1141 708 1227 tendentes,
720 1137 1355 1235 comprehendendo,submergendo,
1367 1154 1429 1216 ue·

225 1237 357 1324 cando,
376 1233 488 1307 autin
506 1235 710 1307 servitutem
726 1231 928 1326 redigendo.
960 1252 997 1321 4.
1016 1231 1185 1324 Harrrſss,
1200 1236 1428 1313 autoritatem

225 1351 265 1406 et
288 1328 461 1404 censuram
492 1328 662 1402 Eccleirae
690 1330 902 1422 spernendo,
924 1326 1114 1400 Saracenos
1135 1329 1428 1425 complectendo,

223 1448 305 1501 curu
328 1423 493 1496 foeminis
517 1425 731 1497 Saracenicis
754 1420 1029 1509 consuescendo,
1063 1423 1186 1496 Piliam
1211 1429 1328 1500 dando
1363 1451 1427 1502 ux·

219 1543 324 1594 orem
333 1517 512 1608 Battacio,
531 1520 743 1592 Graecorum
762 1516 977 1612 inperatori,
995 1517 1080 1589 licet
1095 1522 1427 1614 excommunicato,

221 1634 261 1688 ct
276 1613 450 1688 Ecclesiae
468 1613 631 1686 inimico.
671 1612 743 1686 Sed
768 1613 857 1684 haec
877 1611 1070 1701 sententia,
1102 1614 1195 1708 quod
1217 1618 1329 1688 notari
1351 1638 1427 1691 me·

223 1729 342 1799 retur,
376 1732 447 1784 non
472 1706 522 1780 est
546 1730 566 1782 a
589 1707 751 1803 synodo,
780 1703 859 1801 post
882 1703 1015 1779 musam
1039 1707 1197 1801 legitime
1225 1708 1426 1807 discuffam,

223 1822 265 1882 ct
289 1807 394 1879 libera
411 1802 556 1876 collecta
579 1824 682 1892 vota,
708 1823 829 1874 verum
853 1824 874 1874 a
897 1800 970 1873 solo
992 1801 1103 1896 Papa,
1128 1806 1215 1889 lata,
1248 1810 1428 1898 praesente

223 1919 357 1977 tantum
374 1897 536 2003 Synndo,
558 1916 594 1969 et
612 1895 788 1993 stupente,
812 1893 984 1968 nonnullis
1001 1913 1131 1971 tantum
1149 1898 1308 1994 publice,
1332 1905 1430 2000 aliis,

221 1991 561 2265 litttffllrllii
576 1991 1230 2183 illilliltluiztlltlil
1278 2018 1429 2172 ,eills

223 2187 343 2282 Regin
368 2212 404 2273 t,
429 2184 529 2256 valde
554 2183 744 2279 displicuit,
770 2202 806 2253 et
821 2183 862 2254 ab
878 2182 921 2254 iis
943 2178 1054 2272 spreta
1077 2181 1146 2272 est,
1179 2186 1286 2258 multa
1307 2205 1426 2267 tamen

98 2354 101 2359 ,
250 2285 362 2375 eperit
394 2280 491 2351 mala.
538 2279 658 2373 Reges
688 2299 724 2349 ct
754 2277 933 2370 Principes
964 2276 1071 2365 palam
1103 2277 1338 2370 declararunt,
1382 2287 1426 2360 ad

211 2308 348 2456 Pupam
373 2394 444 2444 non
469 2373 661 2465 pertinere,
684 2372 901 2465 inperatorem
917 2369 1083 2462 instituere
1099 2373 1150 2445 rrl
1163 2372 1329 2468 destituere
1340 2433 1351 2468 ,
1359 2381 1429 2476 sod

222 2474 352 2548 clerium
374 2493 396 2538 a
422 2467 626 2578 Principibus
661 2488 828 2552 coronare,
863 2483 902 2539 ut
925 2468 1085 2538 ulbertus
1113 2469 1287 2543 Stadenlir
1315 2477 1425 2550 tradit

221 2567 264 2645 in
289 2559 478 2635 Chronico.
517 2557 717 2632 iredericus
734 2581 837 2647 vero,
863 2561 908 2633 de
931 2583 971 2634 ea
993 2562 1122 2634 certior
1136 2562 1268 2652 fanos,
1290 2574 1424 2648 corona

220 2657 326 2754 capiti
350 2654 517 2749 inposita,
542 2652 652 2740 dixit,
677 2653 712 2727 se
737 2677 811 2726 eam
837 2677 909 2727 non
935 2655 1138 2747 perdidilie‚
1163 2680 1228 2728 nec
1250 2663 1321 2734 line
1346 2687 1425 2740 cru-

222 2756 308 2831 'ento
334 2749 521 2826 certamine
546 2750 773 2844 perditurum.
823 2750 960 2822 Interea
990 2750 1104 2823 senum
1128 2753 1228 2826 divisi
1252 2755 1326 2827 sunt
1357 2762 1428 2833 lta.

224 2854 292 2930 liae
310 2871 346 2922 et
364 2845 574 2920 Germaniae
591 2845 787 2941 Principes,
811 2866 954 2942 quorum
972 2847 1030 2917 alti
1049 2848 1242 2921 llenrrcum
1253 2903 1264 2938 ,
1290 2852 1430 2931 Hostiae

218 2971 262 3023 ct
279 2940 472 3035 Turingiae
487 2940 760 3033 Landgranium,
787 2944 967 3035 elegerunt
986 2943 1242 3035 inperatorem,
1268 2948 1325 3020 alii
1344 2950 1425 3024 seu·

226 3038 374 3115 tentiam
408 3037 499 3107 illam
530 3035 665 3108 irritam
700 3037 916 3122 habuerunt,
951 3054 988 3107 ut
1015 3036 1124 3108 refert
1149 3040 1315 3114 tilbertus
1346 3046 1426 3119 Sta·

224 3132 356 3222 densis,
391 3152 551 3203 necnon
579 3129 796 3204 Trithemius
814 3133 850 3203 in
876 3129 1053 3203 Chronico
1076 3132 1337 3230 Hirlaugieuse,
1365 3142 1426 3239 qul

222 3230 339 3314 uddlt,
371 3223 483 3320 ipsum
508 3226 656 3317 Papam,
688 3246 764 3296 cum
794 3242 888 3299 tauta
917 3226 999 3296 inde
1030 3226 1167 3300 vidillet
1202 3252 1280 3302 ortu
1311 3239 1423 3330 mala,

222 3324 366 3407 dixisse,
397 3317 438 3415 st
469 3323 550 3393 nolui
576 3347 612 3403 e,
644 3318 684 3412 st
717 3319 933 3416 depostrionem
958 3321 1047 3394 illam
1070 3347 1226 3417 nunqnam
1252 3331 1423 3428 cogitaffe,

269 3419 301 3519 i.
327 3415 535 3489 CLXXXII.
576 3413 723 3488 Duravit
760 3418 948 3491 contentio
989 3419 1094 3511 usque
1144 3421 1185 3491 ad
1235 3423 1424 3507 Frederici

209 3533 395 3598 rnortem,
418 3531 456 3584 et
476 3512 713 3607 interregnum
740 3511 877 3604 peperit
900 3510 944 3585 us
962 3535 1005 3586 ue
1025 3513 1068 3584 ad
1093 3514 1287 3589 Henricum
1312 3521 1401 3601 Vll,

208 3614 460 3707 *inperatorem
489 3606 525 3678 in
558 3606 710 3683 Ecclesia
740 3535 960 3682 Lateraneni
991 3627 1192 3684 coronatum
1232 3633 1263 3687 a.
1309 3581 1423 3712 1312}

207 3710 376 3785 suerunt
396 3700 540 3794 quidem
563 3700 766 3775 intermedii
789 3704 908 3794 Reges
932 3701 1153 3793 Germaniae,
1186 3706 1242 3779 sed
1267 3733 1336 3805 pro
1364 3715 1422 3789 ln.

208 3796 440 3906 putatoribus
471 3815 545 3879 non
575 3795 711 3886 habiti,
733 3815 792 3869 aut
816 3795 973 3888 Regibus
1003 3802 1144 3888 ltaliae,
1171 3824 1248 3875 curn
1281 3806 1419 3910 nullus,

219 3917 283 3979 nur
300 3895 342 3967 ab
365 3886 644 3984 Archiepifcopu
670 3890 925 3964 Mediolanensi
952 3897 1072 3986 regiis,
1106 3915 1165 3972 aut
1198 3920 1217 3970 a
1254 3901 1422 3987 Romano

220 3989 392 4111 pontifice
413 3980 679 4084 Augustalibus,
705 3983 912 4086 ,insignius
942 3986 1052 4068 luerit
1078 4011 1294 4073 coronatus:
1332 3993 1432 4183 iffi
