2976 4830
121 587 195 659 ⁶23
497 570 647 669 Μαῖα
668 568 801 670 nectes.
829 571 952 670 sitifi.

176 751 210 850 ς.
234 749 442 827 DLXXVI.
476 746 561 822 Nec
591 748 680 822 haec
706 765 845 825 tantum
869 750 969 824 inter
994 748 1213 826 waldenses
1241 750 1353 826 xcidit

128 850 306 938 mutatio,
330 871 455 922 rerum
471 866 509 917 et
525 846 614 932 alin,
641 845 684 917 ad
701 845 828 929 iidem.
855 850 997 942 altaque
1013 848 1135 944 capita
1147 902 1159 935 ,
1172 848 1352 946 pertinens,

130 973 200 1047 qua
220 947 262 1019 ad
288 940 520 1021 Protelhntes
545 940 736 1014 Helvetios
758 964 800 1016 rc
829 943 1065 1017 Genevenses
1091 947 1238 1042 propius
1257 945 1353 1017 acces·

133 1056 266 1120 serant.
316 1039 433 1114 Missis
461 1037 558 1109 enim
587 1041 631 1110 nd
664 1059 727 1109 eos
758 1038 922 1136 Georgio
956 1041 1154 1130 Maurelo,
1197 1061 1236 1113 et
1264 1042 1352 1114 Petro

133 1144 306 1228 latomo,
328 1136 450 1209 Burlir
473 1131 627 1238 ipsorum
653 1129 758 1230 (quae
783 1157 856 1207 vox
879 1138 1084 1208 omniurn
1116 1133 1283 1233 denotat)
1308 1138 1352 1210 seu

136 1236 349 1336 palloribus,
373 1229 459 1303 viris
482 1228 606 1324 peritis
630 1250 667 1299 et
691 1227 828 1324 probis,
854 1229 1137 1320 intellexerunt,
1157 1256 1202 1305 ex
1224 1255 1355 1320 eorum,

136 1355 174 1409 et
200 1332 363 1412 aliorum,
389 1322 510 1420 postea
535 1323 735 1414 mitiorum,
761 1327 953 1415 relatione,
986 1332 1179 1402 nonnullis
1201 1328 1234 1401 se
1252 1329 1353 1401 infec-

139 1453 195 1509 ros
217 1424 289 1500 elie
313 1419 506 1507 erroribus,
532 1419 568 1492 in
587 1419 708 1515 primis
724 1420 820 1493 circa
843 1423 1086 1508 sacramenta,
1108 1425 1352 1520 juramentum,

138 1521 363 1616 officiumque
401 1513 643 1612 Magistratus.
709 1516 846 1615 Quibus
886 1536 926 1589 ut
959 1517 1137 1593 medelam
1171 1520 1353 1607 adferrent,

189 1613 453 1710 neralealiquod
469 1633 709 1686 convocarunt
724 1611 1225 1714 concinuminnngrongisa.
1240 1638 1353 1712 1532,

136 1739 173 1795 m
198 1736 270 1810 quo
293 1710 477 1808 sequentes
500 1709 661 1797 articuli,
686 1708 765 1805 poll
785 1708 984 1783 institurum
1009 1731 1186 1802 ermen,
1216 1713 1352 1797 admisi,

138 1831 177 1889 et
206 1809 286 1884 dein
317 1830 348 1882 a
388 1825 493 1899 1533·
522 1802 720 1878 confirmati
749 1803 836 1877 sunt
887 1825 919 1876 1.
954 1804 1242 1882 Praedeslinatos
1276 1806 1354 1894 elle,

140 1908 203 2010 qui
227 1906 417 1986 salvantur,
455 1894 584 1993 eosque
609 1920 711 1973 nerto
733 1898 854 1973 salvari
887 1922 920 1974 s.
945 1900 1301 1978 Praedestinationem
1323 1921 1353 1975 et

141 2004 286 2107 gratiam
310 2001 353 2072 ab
386 1994 430 2069 iis
459 1996 646 2092 abnegari,
684 1995 742 2093 qui
772 1997 919 2071 liberum
948 1998 1140 2073 arbitrium
1175 2002 1216 2073 in
1242 2003 1355 2073 throno

84 2166 93 2179 .
140 2100 316 2181 eollooere
338 2094 474 2167 volunt„
526 2115 561 2187 3.
585 2093 718 2167 Burrum
744 2115 833 2189 opus
859 2112 992 2166 tanturn
1019 2092 1113 2182 esse,
1149 2096 1245 2192 quod
1268 2097 1352 2171 neu

142 2189 343 2298 praecepit,
366 2208 401 2262 et
424 2187 575 2279 rodum,
599 2189 694 2286 quod
718 2209 834 2276 vetat,
860 2212 980 2263 cetera
1010 2186 1083 2262 elle
1108 2190 1352 2279 indifferentis,

144 2314 232 2395 quae
247 2288 345 2364 licite
359 2307 418 2361 aut
435 2285 574 2374 omitti,
597 2304 658 2358 aut
672 2282 870 2373 observari,
888 2282 1049 2381 poliunt,
1076 2313 1109 2374 4,
1128 2287 1353 2381 juramentum

144 2392 183 2469 in
221 2382 367 2460 nomine
406 2381 478 2454 Dei
509 2381 579 2455 esse
616 2381 750 2454 licitum
788 2403 822 2471 5.
857 2380 1082 2454 auricularem
1117 2384 1357 2459 confeffionen

144 2505 217 2564 non
241 2479 311 2554 else
334 2498 354 2555 a
378 2477 459 2550 Deo
482 2496 718 2570 praeceptam.
765 2485 800 2552 ό.
826 2475 896 2552 Die
911 2476 1109 2550 Dominico
1126 2479 1202 2554 effe
1224 2486 1270 2557 ab
1284 2505 1357 2577 ope·

143 2603 183 2656 se
205 2573 424 2658 cessandum,
449 2571 619 2668 rebusque
635 2571 775 2646 Divinis
799 2593 930 2647 tantum
949 2573 1164 2652 vacandum.
1218 2599 1252 2672 7.
1278 2578 1358 2652 Vin

145 2670 276 2755 dislam
300 2666 370 2743 esse
384 2663 560 2755 illicitam,
586 2686 620 2740 at
644 2668 872 2765 Magistratus
889 2666 1043 2743 officium
1070 2669 1146 2745 ene
1171 2675 1356 2771 legitimum

143 2791 181 2850 et
202 2771 354 2856 bonunn
378 2786 482 2840 neca
504 2761 699 2838 Christiano
724 2765 874 2840 alienum
900 2774 933 2846 8.
956 2762 1100 2860 Jejunia
1119 2790 1193 2843 non
1213 2772 1285 2847 elie
1298 2794 1360 2846 cer·

22 2896 27 2902 ·
147 2869 196 2946 tis
220 2865 369 2961 adligata
394 2862 610 2958 temporibus
645 2883 681 2951 9.
708 2863 917 2960 eonjugium
950 2861 1020 2935 elle
1044 2861 1289 2961 cujuscunque
1310 2889 1360 2966 go

149 2964 246 3044 ueris
274 2980 335 3034 aut
369 2956 476 3032 status
508 2958 707 3031 hominibus
739 2958 875 3032 licitum
909 2978 966 3031 ro.
991 2957 1177 3034 Ministris
1201 2960 1364 3061 nungeti

146 3062 254 3139 licere
286 3055 444 3149 propriis
475 3054 601 3127 babere
635 3052 857 3148 possessiones
896 3072 966 3127 etc.
1029 3076 1087 3129 rr.
1118 3058 1209 3131 Duo
1243 3081 1363 3136 mntnn

147 3154 221 3230 dari
247 3151 478 3238 sacramenta,
517 3149 750 3245 Baptismus,
793 3168 832 3222 et
864 3150 898 3221 S.
926 3150 1096 3225 Coenam.
1153 3154 1238 3232 Vrd.
1274 3158 1365 3234 Giliir

150 3266 189 3326 et
213 3245 335 3321 Perrin
358 3245 380 3318 l.
407 3245 471 3318 cir.
519 3246 620 3319 Circa
645 3248 735 3319 hanc
760 3246 1055 3320 reformationem
1083 3253 1279 3330 notandum
1303 3253 1365 3346 en,

152 3370 186 3422 ι.
210 3338 336 3440 Capita
358 3340 434 3428 illa,
459 3362 552 3415 nunc
575 3341 745 3428 definita,
771 3365 844 3417 nou
867 3339 969 3414 fuine
993 3360 1100 3418 antea
1122 3346 1221 3423 inter
1243 3375 1302 3426 eos
1318 3352 1365 3451 ig·

149 3457 253 3527 nota,
294 3436 355 3514 sed
386 3435 501 3515 minus
531 3457 675 3532 recepta
708 3456 866 3524 tantum,
905 3455 942 3511 et
972 3440 1086 3538 magis
1124 3450 1364 3542 controversa,

151 3561 186 3615 ι.
210 3532 458 3610 definitionem
474 3554 595 3607 eorum
614 3555 686 3608 nou
705 3532 776 3608 fine
792 3530 961 3624 diffensu,
986 3554 1024 3608 et
1041 3536 1159 3635 aliqua
1182 3541 1365 3636 divisione,

148 3629 253 3716 sulse
285 3627 426 3704 fabiam.
478 3650 513 3724 3.
549 3625 635 3702 inde
664 3651 743 3704 cum
776 3627 939 3704 Rossueto
978 3631 1001 3705 l.
1035 3633 1101 3709 cit.
1142 3641 1360 3740 colligendum

153 3752 228 3809 non
252 3722 344 3809 else,
367 3724 577 3801 waldenses
591 3727 635 3798 ab
658 3725 729 3801 hoc
743 3724 881 3801 demum
896 3742 1063 3821 tempore
1086 3730 1265 3813 dissentire
1280 3757 1359 3809 roe·

176 3822 238 3900 'lie
258 3825 302 3900 ab
329 3820 485 3898 Ecclefia
507 3817 870 3898 CatholionRomana
885 3819 920 3893 iu
942 3827 1049 3900 rebus
1064 3825 1174 3924 fidei,
1196 3834 1363 3931 fidemque

165 3943 282 4003 uama
304 3916 578 3995 Protestantibur
598 3916 793 4018 accepisic:
817 3916 947 4016 quippe
962 3940 1035 4030 quo
1058 3924 1158 4004 nihil
1175 3927 1280 4006 salsius
1296 3927 1365 4021 est,

145 4010 1370 4211 musupenurumsssulosumbisluriamntsesbmdtsssae

50 4312 269 4469 Α.
