3022 4806
612 115 718 188 Srsnl.
749 114 847 187 ΧΗ.
1301 131 1371 213 335

149 291 311 368 ardorum
335 289 446 365 refert
471 290 536 365 else
563 291 760 379 Dulcinrrm,
788 292 930 365 Gernldi
965 292 1126 388 Sugurulli
1149 294 1364 391 discipulum.

146 392 211 477 De
231 412 378 485 quorum
405 388 584 462 erroribus
608 387 770 482 exposuit
791 389 991 461 Antoninus
1013 412 1052 463 tn
1068 391 1266 481 Chronico,
1290 394 1364 490 Ey-

143 482 297 561 toetic'nr
330 484 368 557 in
397 480 584 558 directorio
608 480 790 577 lnqoilir„
821 498 862 555 et
885 484 1089 559 Franciscur
1122 484 1248 580 Pegna.
1298 490 1362 564 Sa·

142 578 289 681 garellm
318 578 358 653 in
387 600 506 654 manua
534 576 785 677 lnquilitorum
807 576 955 668 incidit,
989 598 1010 652 a
1033 580 1161 677 quibus
1182 582 1364 659 damnatur

143 694 185 749 et
206 671 432 775 Magistratni
454 676 497 748 ad
523 676 795 748 comburendum
819 676 968 749 traditus
987 670 1058 767 est,
1086 696 1124 749 et
1139 674 1288 753 flammis
1303 684 1364 755 ab·

140 770 331 849 sumtuaa.
359 792 465 865 ¹300·
503 772 544 844 ln
568 769 755 844 Dulcinum
779 789 885 857 vero,
909 770 969 867 qui
993 770 1225 846 Novaniensis
1249 775 1360 851 Dioe·

140 866 230 941 cestr
261 864 395 940 dicitnr
423 864 541 954 fuine,
565 884 601 937 et
615 864 723 973 'filius
746 862 934 939 sacerdotis
960 867 1114 975 spurius,
1138 868 1278 1038 ejuspna
1301 875 1361 948 ad·

143 964 269 1052 secur,
294 960 354 1060 qui
375 960 417 1034 ad
442 962 553 1058 aliqua
578 961 685 1034 millia
709 979 951 1051 numerantur,
977 982 1012 1034 tn
1038 963 1185 1057 Alpibus
1223 992 1243 1039 e
1268 969 1360 1043 deti·

143 1062 291 1143 uenter,
314 1054 538 1155 inquisitores
570 1054 744 1154 primum,
776 1055 859 1129 dein
884 1060 1059 1131 exercitur
1080 1057 1255 1150 cruciati,
1280 1064 1359 1138 sunt

142 1150 307 1240 incitati3
337 1172 375 1225 et
401 1149 590 1241 Dulcinus,
615 1172 696 1225 cum
719 1152 836 1225 multis
862 1152 957 1240 aliis,
989 1152 1070 1250 post
1100 1156 1193 1227 varia
1218 1160 1359 1235 virtutir

142 1247 327 1337 heroicae,
352 1265 390 1320 et
404 1247 634 1344 prudentiae,
661 1245 740 1320 data
756 1246 965 1344 specimina,
989 1270 1112 1342 captur
1127 1272 1265 1348 quoque
1282 1254 1357 1343 est,

141 1364 180 1421 et
210 1341 362 1418 flammir
397 1342 543 1415 traditur
581 1368 612 1418 a.
642 1364 746 1438 1307·
804 1346 969 1417 Ceterum
1009 1344 1176 1434 Dulcini,
1217 1350 1358 1446 ejusque

137 1442 363 1539 dogmatum,
385 1456 421 1513 et
447 1437 691 1532 stupendorum
714 1438 910 1513 facinorum
943 1440 980 1515 in
1001 1443 1093 1515 bello
1118 1464 1199 1516 cum
1226 1447 1358 1518 Catho-

138 1536 238 1625 licis,
268 1535 379 1631 palam
403 1532 524 1627 gesto,
549 1532 698 1629 denique
722 1536 847 1609 mortis
870 1555 941 1608 etc.
968 1536 1129 1624 historia,
1153 1541 1196 1610 ab
1225 1542 1357 1636 aequali

137 1652 265 1709 autore
285 1627 501 1726 conscripta,
525 1628 637 1703 exstat
659 1629 751 1723 apud
769 1631 1003 1703 Muratorium
1030 1629 1153 1726 Script.
1169 1635 1244 1707 Ital.
1267 1654 1354 1711 tom.

137 1728 204 1804 lx.
264 1722 320 1798 Er
354 1724 613 1799 recentioribus
645 1723 681 1796 id
718 1724 926 1811 luculenter,
966 1743 1005 1796 ur
1035 1725 1144 1813 solet,
1208 1730 1360 1805 mestitit

138 1824 192 1899 Ο.
213 1821 391 1896 Morhem.
408 1818 445 1893 in
462 1818 629 1917 peculiari
648 1818 774 1893 libello.
814 1818 936 1891 Fidem
955 1817 1097 1916 quidem
1113 1752 1356 1916 eatlolicam,

141 1938 183 1995 ut
204 1916 255 1993 ibi
278 1916 445 2005 traditur,
470 1915 659 2013 praetulit,
692 1914 775 1989 licet
797 1914 1014 1989 Ptolemaeur
1036 1916 1199 1993 Lunensis
1218 1921 1256 1995 in
1281 1923 1356 2001 uita

136 2013 332 2091 Clementis
355 2011 405 2086 V.
431 2010 561 2094 tradat,
585 2012 696 2106 ipsum
721 2011 758 2085 in
780 2008 1026 2106 sacramentum
1056 2017 1158 2087 etiam
1185 2018 1356 2125 pectaffe,

137 2107 320 2187 silentibus
341 2106 437 2196 aliis,
461 2106 519 2179 sed
544 2106 784 2180 omnimodam
799 2126 1034 2202 paupertatem
1051 2126 1090 2183 et
1104 2121 1356 2193 continentiam

138 2204 262 2295 suasit,
305 2203 476 2276 Praelatos
510 2224 590 2275 cum
622 2222 740 2276 eornm
773 2202 936 2278 Ecclesris
967 2204 1165 2294 damnavit,
1203 2208 1355 2307 denique

140 2300 306 2401 spiritum
330 2297 521 2394 praetendit
548 2296 819 2409 propheticum,
851 2314 886 2369 et
910 2300 1162 2395 Prophetarum
1190 2324 1231 2375 ac
1252 2309 1354 2402 Apo·

139 2395 312 2495 calypsros
335 2392 441 2467 effata
466 2392 635 2490 adpltcutt
665 2392 707 2466 ad
738 2392 793 2466 sua
818 2411 997 2487 tempora,
1018 2393 1264 2489 medericum,
1297 2425 1354 2476 re·

166 2518 225 2567 em
251 2490 412 2578 Siciliae,
436 2487 544 2563 filium
569 2488 684 2578 Petri,
716 2487 828 2581 Regia
860 2487 949 2560 Arra
975 2511 1102 2577 onum,
1128 2489 1256 2587 Papam
1282 2496 1354 2573 else

164 2586 390 2665 ebellatntum
414 2606 444 2657 a.
475 2604 601 2680 1305„
626 2603 664 2655 et
686 2600 772 2656 tunc
800 2582 892 2657 snam
919 2584 952 2655 se
991 2607 1045 2659 am
1070 2583 1141 2660 ell'e
1157 2589 1353 2669 dominatu·

139 2706 214 2761 tam
241 2680 370 2755 statuit.
421 2679 481 2754 Est
503 2683 621 2774 itaque
638 2676 920 2775 Apostolicorum
936 2677 1048 2768 seila,
1072 2681 1170 2778 cujus
1186 2688 1354 2786 conspec-

139 2800 218 2857 tum
242 2774 323 2851 dedi
355 2775 471 2849 seculo
494 2776 616 2864 x111.,
656 2794 841 2861 renovata,
884 2797 965 2849 cnm
999 2776 1110 2875 aliqua
1141 2782 1352 2865 mutatione.

140 2880 329 2975 inputatur
353 2893 491 2969 quoque
517 2872 552 2944 ei
578 2870 793 2968 promiscuus
814 2871 1039 2961 concubitus,
1063 2889 1101 2945 et
1120 2869 1217 2950 licita
1239 2877 1354 2959 tettae

141 2970 334 3067 abnegatio
367 2969 408 3041 ad
465 2967 594 3041 ericula
619 2965 775 3040 vitanda:
817 2988 904 3062 qnae
943 2966 966 3040 st
1004 2989 1045 3042 ea
1075 2965 1210 3043 ratione
1240 2981 1355 3055 averti

136 3083 336 3257 nunt
363 2990 628 3257 reiltun
641 3059 1354 3265 ‘illinittutuditt

139 3218 212 3335 tre}
235 3278 364 3345 annor,
402 3255 523 3352 quibus
548 3212 753 3327 Fred’ericus
777 3253 971 3328 dominium
996 3275 1154 3348 teneret3
1190 3278 1274 3337 tunc
1293 3290 1354 3337 au·

140 3374 217 3432 tem
239 3349 316 3448 ipse
339 3373 418 3424 cum
445 3348 513 3425 suia
533 3347 708 3437 latitaret,
734 3348 770 3422 in
796 3349 987 3444 paradisum
1005 3350 1205 3443 transsatum
1229 3361 1353 3431 Henc-

145 3452 252 3524 clmm
274 3465 388 3520 autern
416 3466 454 3521 et
475 3446 586 3521 Ellam
613 3469 660 3520 eo
682 3464 843 3543 tempore
859 3446 896 3520 iu
914 3464 1039 3521 terram
1058 3449 1127 3521 elle
1141 3453 1355 3548 mittendos,

141 3544 188 3618 ad
215 3540 467 3624 Antichristum
498 3540 732 3622 refutandum.
776 3540 849 3616 Sed
879 3544 921 3622 ab
948 3566 993 3618 eo
1022 3542 1092 3619 elle
1123 3545 1358 3646 occidendos,

157 3686 160 3693 -
195 3634 283 3713 Torr.
311 3636 376 3716 Vl.
742 3634 834 3714 cte
1245 3642 1360 3726 donec
