2976 4830
165 562 239 630 698
277 566 283 574 '
474 552 481 561 ⁴
555 554 703 646 Historia
727 548 1003 659 Eccleſs'sstrill.

174 730 324 827 Reliqua
350 733 503 806 membra
530 733 670 807 suerunt
694 735 732 809 in
763 735 942 833 principio
975 758 1092 834 parvo
1118 759 1288 830 numeru,
1323 764 1384 818 non

175 834 276 921 snpra
302 852 347 919 25
372 833 580 927 Episcopus,
607 838 688 904 dein
713 857 860 930 magno,
886 836 1027 930 Regum
1043 855 1084 909 et
1099 836 1306 934 Principum
1321 864 1385 914 ora·

179 948 292 1013 tores,
318 926 603 1023 Arcbiepiscopi,
618 927 803 1025 Episcopi,
815 930 992 1020 Abbatea,
1003 948 1045 1003 et
1062 932 1306 1030 religiosorum
1322 936 1383 1008 Or·

180 1026 303 1097 einum
329 1022 504 1098 Praesetii.
550 1025 604 1098 Ex
632 1027 794 1100 Praelatis
815 1048 903 1099 vero
919 1026 979 1099 soii
997 1026 1081 1101 itali
1098 1028 1288 1104 adsuerunt
1305 1037 1381 1125 tin,

178 1142 257 1190 cum
283 1118 432 1215 reliquae
453 1120 609 1193 nationet
632 1145 756 1210 unum,
794 1121 900 1211 duoa,
932 1142 1026 1207 tres,
1059 1122 1104 1195 ad
1139 1127 1325 1215 summum,
1350 1148 1382 1200 ut

180 1213 377 1310 Hispania,
403 1238 468 1310 31,
500 1218 684 1290 habuerint
710 1220 919 1314 praesentes.
971 1216 1151 1293 Gallicani
1176 1221 1323 1317 denique
1344 1222 1385 1295 E·

181 1312 315 1407 piscopi
340 1312 482 1408 Synodo
507 1313 566 1386 sub
593 1311 686 1410 Juiio
703 1337 774 1388 non
791 1312 1052 1404 interfuerunt,
1078 1317 1193 1416 Rege
1208 1319 1385 1414 probiben-

180 1427 218 1480 te
242 1407 341 1479 causa
365 1409 462 1495 bessi,
493 1408 688 1503 quodcum
715 1411 840 1483 Caroio
864 1411 914 1485 V.
946 1429 985 1485 et
1010 1409 1113 1508 Jusio
1144 1413 1385 1488 confoederatis

180 1506 346 1599 gerebat:
387 1506 442 1579 sed
467 1504 527 1580 sub
551 1505 613 1580 Pio
643 1506 844 1596 adsuerunt,
929 1508 1024 1581 audo
1054 1506 1236 1603 superiora
1258 1511 1384 1584 decreta

181 1600 260 1673 sunt
284 1599 486 1678 confirmata
513 1604 640 1678 omnia.
686 1602 786 1678 Nuiii
809 1625 855 1677 ex
904 1602 1178 1696 rotestautibur,
1209 1608 1292 1681 licet
1312 1607 1386 1680 dicit

182 1697 279 1769 causa
307 1695 439 1773 suerint
454 1724 474 1773 a
490 1699 553 1773 Pio
569 1699 731 1790 invitati,
756 1717 1047 1794 comparuerunt,
1070 1702 1210 1813 quippe
1230 1704 1308 1801 qui,
1331 1706 1384 1798 Sy·

183 1795 315 1867 nodum
341 1818 411 1869 non
439 1795 513 1869 sore
537 1796 696 1884 liberam,
737 1793 794 1869 sed
820 1797 934 1892 Papae
961 1794 1126 1891 spiritum
1160 1820 1199 1873 tn
1221 1821 1263 1872 ea
1285 1800 1384 1872 domi·

189 1911 349 1964 naturum
375 1891 465 1981 esse,
496 1890 597 1966 saciie
621 1892 878 1988 praeviderunt.
928 1892 1014 1967 Nec
1040 1895 1156 1991 Papa,
1180 1894 1321 1991 ejusque
1334 1896 1383 1969 ad·

184 1989 314 2073 seciae,
334 2011 455 2062 eorum
481 1989 706 2085 praesentiam
741 1986 875 2061 sincere
906 1990 1114 2079 voluerunt,
1141 1990 1250 2064 veriti
1273 2015 1316 2065 ne
1336 1992 1382 2065 ni·

187 2087 256 2158 mis
277 2082 383 2160 iibere
414 2087 675 2182 loquerenturt.
692 2105 796 2180 quare
827 2085 956 2158 salvum
980 2084 1223 2180 condustutn,
1264 2089 1379 2184 qualern

191 2182 367 2281 petierunt
391 2180 746 2270 protestantes,‘dare
762 2182 971 2255 recusarunt.
1021 2181 1195 2255 Tandem
1212 2204 1323 2258 tamen
1336 2183 1383 2257 ad·

191 2278 278 2353 missi
309 2279 386 2355 sunt
423 2282 527 2376 iegati
559 2301 676 2352 eorum
713 2297 750 2350 et
782 2273 893 2350 auditi
914 2297 945 2350 a.
974 2296 1082 2366 1552.
1110 2277 1203 2354 Vid.
1235 2277 1383 2375 epistolae

192 2378 344 2469 Vargae.
393 2377 573 2463 Ceterum,
606 2375 696 2472 quod
721 2396 793 2447 non
819 2392 893 2444 erat
923 2370 1199 2468 negligendum,
1233 2375 1381 2472 Episcopi

193 2473 336 2546 suerunt
361 2473 463 2567 longe
486 2473 668 2544 maximam
695 2489 830 2566 partem
854 2469 909 2541 vel
935 2468 1103 2564 inperiti,
1130 2473 1195 2544 vel
1219 2469 1382 2568 penfionet

193 2592 213 2643 a
247 2568 337 2663 Papa
366 2567 559 2654 habebant3
590 2566 808 2640 decentum
839 2561 900 2639 vix
927 2562 1055 2661 viginti
1086 2564 1126 2639 in
1167 2566 1382 2663 Theologicit

194 2662 319 2739 versati
348 2683 455 2740 erant.
495 2660 670 2738 Dodborea
702 2660 868 2735 Germani
903 2660 1044 2758 quidem
1068 2661 1263 2757 peritiores
1283 2682 1383 2753 erant,

193 2762 254 2838 sed
281 2760 495 2836 orationibus
513 2765 560 2832 ‘et
590 2758 879 2857 disputationibut
911 2778 980 2830 tem
1010 2780 1048 2828 ua
1078 2757 1175 2831 adeo
1207 2760 1383 2849 triverunt,

195 2882 240 2935 ut
263 2861 394 2957 reliqua
417 2856 684 2956 praecipitanter
706 2853 836 2928 suerint
858 2851 953 2926 atta:
1018 2853 1170 2950 beologi
1194 2858 1237 2931 ad
1255 2879 1387 2931 canonct

197 2958 416 3044 formandos,
432 2975 489 3028 aut
509 2954 700 3027 decirinam
716 2949 965 3039 definiendam,
982 2969 1160 3044 nunquam
1178 2951 1318 3027 fuerunt
1331 2974 1385 3025 ro·

200 3056 280 3128 cati.
327 3052 492 3144 Episcopi
520 3050 683 3123 dixerunt
709 3053 836 3143 piacet,
866 3045 949 3119 iicet
973 3044 1055 3140 quid
1079 3049 1300 3142 propositum
1326 3048 1388 3123 sne·

199 3150 246 3221 rit
272 3149 371 3243 saepe
402 3148 606 3242 ignorarint.
656 3146 755 3245 Quae
780 3166 825 3217 ea
847 3138 1010 3240 Epistolir
1034 3140 1183 3242 Vargae
1213 3145 1390 3223 satiteon·

197 3244 298 3321 stant.

248 3342 281 3441 s.
310 3340 464 3417 DLVII.
491 3339 651 3437 synodus
671 3336 706 3412 in
731 3356 850 3413 ternos
879 3352 1000 3409 coetus
1022 3337 1271 3434 particulares,
1302 3357 1338 3414 nt
1354 3336 1392 3412 de

203 3443 331 3526 modo,
356 3458 391 3510 et
418 3437 579 3534 proceffit,
603 3435 798 3510 adcuratiua
827 3453 1018 3527 exponam,
1041 3433 1233 3512 distributa
1256 3438 1339 3524 suit,
1360 3437 1393 3508 iu

202 3539 309 3614 trium
345 3537 550 3630 Legatorum
581 3530 727 3606 aedibur'
749 3529 942 3615 habendos,
973 3526 1012 3602 in
1044 3529 1172 3628 quibus
1205 3557 1260 3609 rea
1289 3534 1393 3607 decer·

206 3634 338 3711 ncndae
367 3632 517 3724 primum
542 3630 846 3728 proponebantur,
870 3643 907 3698 et
925 3623 1228 3721 discutiebantur,
1251 3650 1287 3704 et
1301 3647 1389 3702 cano·

205 3758 267 3809 nes
290 3729 625 3827 praeformabantur,
659 3723 793 3821 quando
815 3720 850 3795 in
881 3719 1031 3817 generali
1063 3723 1213 3800 Patrum
1245 3717 1390 3801 invaso·

206 3854 281 3905 rum
316 3827 589 3921 congregatione
616 3821 878 3905 revidebanmr,
904 3835 941 3890 et
965 3818 1274 3898 concludebantur.
1314 3815 1392 3913 Quo

207 3933 241 4009 sa
397 3919 575 4019 ..publicis
606 3935 642 3990 et
674 3914 867 3991 solennibus
902 3908 1131 4009 sesiionibut,
1176 3935 1393 4020 magnacum

143 3928 684 4472 musabum
713 4011 920 4145 singulorum
950 4006 1148 4109 suffragiia3
1184 4036 1243 4190 nte
1244 4010 1395 4191 001ιῖῃέιέῗὲ
