3022 4806
133 663 178 720 22
553 627 699 728 Historia
723 629 852 730 Eccles.
880 629 997 729 Clrill.

129 839 219 905 ,num
267 812 372 886 Paulo
402 826 482 881 ante
515 791 669 895 dixe'rat,
694 809 750 881 lor
773 805 818 902 eli
835 805 987 904 figarum,
1021 814 1135 906 inquo
1161 813 1354 910 cognoscant

137 919 192 1002 li,
216 915 268 1006 qm·
284 933 325 981 ea·
342 909 409 978 Deo
424 904 526 999 sunl,
552 926 595 978 es
611 906 752 997 maligno
769 904 828 1000 effa
844 910 1023 1002 rnalignum
1040 911 1147 998 illum,
1172 920 1246 1004 quia
1269 918 1354 986 occi·

138 1016 206 1096 dit,
227 1005 316 1099 ficut
330 1009 403 1100 jam
421 1005 553 1090 dicium,
579 1017 611 1072 et
627 1005 661 1073 in
676 1005 915 1094 capitivitatem
931 1007 1039 1094 ducit,
1064 1007 1144 1102 quod
1159 1031 1219 1078 non
1227 1007 1350 1102 facit,

137 1133 195 1181 nec
210 1107 321 1197 ferit,
342 1103 442 1171 oannis
459 1102 513 1192 qui
528 1122 569 1169 ert
584 1098 656 1170 Deo
672 1095 728 1190 est.
761 1101 831 1170 Hor
847 1100 960 1174 audiat
976 1098 1003 1186 fi
1017 1111 1088 1196 quis
1107 1103 1203 1175 srahel
1220 1128 1353 1199 aurem,

136 1207 195 1279 lrnc
218 1203 261 1271 ad
284 1197 466 1269 memoriam
490 1211 611 1267 reuocet
636 1194 776 1289 quisquis
792 1195 922 1290 fidelem
944 1199 1041 1270 habet
1065 1202 1223 1271 rationem
1247 1223 1318 1277 etc.

188 1296 219 1394 l.
245 1292 342 1367 XIX.
375 1289 502 1362 Nullus
532 1289 600 1363 suit
641 1291 806 1364 Bernardo
846 1292 1113 1370 Claraevallense
1151 1297 1350 1388 celebrior,

138 1395 282 1491 dignus,
316 1382 372 1484 qui
397 1383 591 1459 adcuratius
613 1384 846 1478 describatur,
877 1407 914 1461 et
944 1391 1157 1466 innotescat.
1205 1394 1351 1470 lndolea

122 1511 178 1564 ‚et
204 1488 296 1560 labor
324 1483 398 1577 ejus
414 1479 529 1554 fertur
552 1483 675 1572 matri,
700 1503 781 1556 cum
803 1506 884 1556 eum
913 1485 951 1558 in
968 1504 1068 1559 utero
1092 1488 1258 1584 gerebat,
1282 1513 1351 1586 per

139 1582 312 1660 somnium
335 1576 522 1653 revelatus.
557 1576 658 1651 Vidit
682 1579 778 1651 enim
800 1582 962 1656 catellum
988 1599 1103 1656 totum
1133 1584 1349 1676 candidum,

138 1680 177 1756 in
205 1677 308 1751 dorso
335 1671 530 1760 subrufum,
556 1691 595 1746 et
619 1674 709 1746 clare
732 1676 923 1751 latrantem.
973 1676 1143 1752 Praestitit
1167 1679 1289 1776 utiquc
1316 1681 1352 1756 se

139 1778 266 1862 talem,
291 1769 347 1843 sed
372 1768 407 1842 in
431 1771 542 1842 bonos
566 1791 677 1864 aeque
700 1792 742 1843 ac
769 1773 897 1863 malos,
927 1768 1033 1870 usque
1059 1774 1230 1849 etiamad
1256 1800 1354 1863 mors

140 1874 196 1948 sur
221 1867 377 1945 caninos.
429 1863 555 1937 Nobili
588 1886 685 1938 ortus
719 1888 850 1962 genere
882 1866 1029 1964 primum
1054 1867 1124 1945 fuit
1150 1873 1355 1949 Monachus

139 1959 391 2049 Cisterciensrs,
426 1957 508 2032 dein
540 1959 656 2034 Abbas
682 1962 954 2037 claraevallensis
992 1967 1034 2039 ab
1067 1987 1235 2058 a.1115.
1271 1970 1351 2043 Ste-

137 2061 242 2162 phani
275 2057 369 2132 enim
398 2055 545 2128 Abbatis
569 2053 802 2132 Cistercienlis
823 2057 914 2154 jussu
947 2060 1122 2134 coloniam
1146 2064 1350 2140 Monachu-

138 2183 216 2235 rum
248 2154 349 2231 duxit
380 2151 422 2225 ad
447 2151 712 2242 Claraevallem,
750 2155 787 2227 in
814 2154 993 2229 territorio
1017 2155 1245 2251 Lingoneusr,
1283 2162 1352 2236 ibi·

138 2281 206 2353 que
230 2247 429 2328 constructo
454 2248 675 2322 Monasterio
697 2248 835 2324 functus
859 2250 910 2324 est
933 2253 1081 2326 Abbatis
1105 2274 1267 2345 munere,
1299 2259 1352 2336 ita

138 2371 276 2436 tamen,
317 2362 357 2418 ut
381 2342 416 2414 iu
437 2343 623 2447 ‘tuguriolo
650 2342 691 2414 ad
724 2344 812 2417 latus
840 2344 969 2440 posito·
988 2345 1061 2445 ipse
1093 2348 1231 2425 latitant
1257 2368 1355 2429 totur

114 2499 117 2508 -
137 2439 335 2520 incubuerit
359 2431 476 2510 studris
499 2454 538 2509 et
563 2436 759 2514 devotioni.
809 2441 878 2513 Sed
904 2440 989 2516 hinc
1018 2440 1205 2519 obstruitur
1229 2469 1353 2524 curam

136 2541 213 2616 fere
239 2535 347 2610 totius
371 2530 544 2606 Ecclesiae
569 2530 686 2628 geffit,
718 2531 765 2607 ita
788 2554 826 2608 ut
851 2542 968 2610 omnia
999 2562 1092 2633 pene
1117 2542 1159 2613 ab
1185 2542 1260 2636 ejus
1284 2567 1350 2620 ore

139 2656 177 2711 et
201 2629 388 2708 autoritate
410 2627 654 2724 pependerint.
704 2631 871 2706 lnterfuit
894 2657 924 2707 a.
947 2643 1051 2713 1128.
1077 2635 1246 2712 Trecensr
1263 2661 1351 2715 cou-

137 2728 237 2817 cilio,
273 2727 413 2825 ejusque
436 2723 526 2817 jullu
559 2725 751 2820 composuit
783 2729 1031 2824 regulam,·in
1056 2730 1153 2804 usum
1180 2733 1353 2830 Templa·

137 2830 292 2912 riorum,
325 2826 367 2896 ad
393 2820 489 2914 cujus
521 2819 647 2894 ordinis
679 2824 980 2898 confirmationem
1012 2827 1157 2899 multum
1185 2831 1350 2909 contulit.

139 2923 239 3000 Dein
271 2920 313 2992 ad
342 2917 554 2990 Gulielmum
582 2918 664 3006 lX.,
692 2919 902 3014 Aquitaniae
920 2923 1077 3006 Ducem,
1106 2917 1225 2996 misius
1249 2925 1349 3006 esta.

141 3040 272 3112 1130.,
297 3031 336 3087 ut
361 3036 443 3084 eum
468 3034 488 3085 a
513 3015 667 3106 partibus
682 3016 843 3090 Anacleti
863 3017 904 3091 ad
924 3039 979 3089 eas
1003 3018 1204 3092 innocentii
1224 3022 1270 3094 ll.
1290 3023 1351 3098 ad·

140 3115 306 3189 duceret:
339 3107 430 3204 quod
450 3123 569 3214 tamen
595 3134 666 3184 non
693 3111 755 3183 nisi
787 3110 866 3206 post
888 3111 1186 3206 quinquennium,
1219 3115 1350 3192 iterata

138 3207 335 3304 legatione,
355 3201 487 3276 effecit.
512 3204 638 3279 Adsuit
655 3205 865 3279 Innocentio
881 3207 917 3280 in
936 3208 1117 3295 omnibus,
1136 3227 1173 3280 et
1192 3211 1353 3289 conciliis

138 3308 181 3381 ab
207 3302 283 3398 ipso
307 3299 343 3372 in
364 3297 474 3372 Gallia
490 3301 674 3373 celebratis
698 3299 871 3374 interfuit.
907 3302 1194 3378 Mediolanenses
1213 3306 1256 3381 ad
1279 3309 1350 3385 Ec·

139 3398 276 3476 clesram
303 3393 393 3468 illam
418 3393 529 3486 Papae
552 3394 847 3470 reconciliandam
873 3397 959 3470 adiit
985 3422 1014 3470 a.
1044 3420 1083 3471 11
1091 3423 1171 3492 go,
1197 3404 1351 3499 ingente

140 3520 221 3571 cum
248 3494 384 3566 honore
410 3507 573 3581 receptus
599 3488 669 3579 est,
696 3508 732 3564 et
756 3514 817 3565 eor
839 3494 881 3567 ad
908 3493 1144 3570 obedientiam
1169 3495 1258 3572 sedis
1274 3502 1350 3575 Ro·

139 3612 258 3667 manae
280 3585 439 3670 reduxit,
465 3581 560 3657 simol
576 3585 775 3680 permovit,
801 3608 860 3678 ut,
880 3591 1043 3663 Conrado
1070 3591 1189 3682 millo,
1214 3594 1350 3670 Locha·

139 3689 230 3764 rium
256 3679 470 3775 susceperint
496 3681 746 3773 Inperatorem.
779 3683 971 3759 Recusavit
989 3687 1124 3781 quidem
1144 3691 1350 3788 Archiepis·

139 3802 305 3882 copatum
323 3772 643 3865 Mediolanensem,
668 3777 732 3872 ipsi
755 3779 923 3865 oblatum,
950 3784 1005 3855 sed
1034 3785 1276 3860 Mediolanum
1293 3789 1349 3866 in·

140 3877 296 3959 traduxit
320 3870 581 3958 Cistercienses,
607 3874 751 3946 condito
777 3876 827 3949 ibi
853 3874 1063 3952 monasterio
1087 3883 1290 3974 Claravalle,
1315 3909 1347 3961 a.

143 3999 247 4073 1135.
267 3972 357 4067 quod
376 3967 652 4062 primumeorum
666 3969 749 4043 fuit:
767 3972 925 4048 fundavit
941 3977 1047 4049 etiarn
1065 3975 1110 4048 ibi
1128 3981 1271 4055 tertium
1293 4006 1350 4055 or·

138 4077 257 4152 dinem
280 4069 538 4155 lrurniliatorum,
563 4064 773 4164 praescripta
798 4091 936 4168 quoque
960 4071 1094 4166 regula:
1120 4075 1352 4167 undefratres

1205 4175 1241 4247 S.
1267 4174 1348 4246 Ber·
