3022 4806
132 613 203 685 180
509 611 654 708 Historia
679 610 804 710 Eccles.
831 610 946 710 Clarill.

140 782 332 880 adjecerit,
367 781 453 860 Vid.
504 780 664 861 stravius
688 788 725 862 in
750 789 892 864 historia
911 782 1018 886 'Juris
1068 781 1239 881 Denique
1268 784 1356 870 cog'·

142 882 338 957 noscendus
363 880 508 955 omniuo
540 882 590 956 est
614 884 789 960 Gallrlrnus
823 888 1017 975 Durantrs,
1053 887 1101 955 ob
1129 879 1221 953 baud
1254 893 1358 945 unam

146 976 331 1052 tationem.
379 976 458 1048 Fuit
481 977 772 1055 Narbonensem
801 983 932 1072 Gallia,
959 1003 1003 1053 err
1029 976 1154 1050 ordine
1177 967 1361 1046 Praedica-

148 1088 283 1162 torum3
308 1071 557 1168 propter'juris
581 1075 740 1168 peritiam
765 1077 951 1173 adpellatus
973 1076 1073 1149 Pater
1088 1069 1275 1167 prallicae5
1301 1083 1361 1152 et,

143 1174 201 1245 'ob
228 1170 400 1263 speculum
422 1168 531 1261 juris,
562 1177 603 1241 ab
628 1168 705 1267 ipso
730 1172 981 1268 compositum,
1003 1168 1204 1268 speculator.
1253 1160 1364 1245 ΕΜ·

142 1282 211 1341 'tus
233 1261 283 1336 est
304 1265 483 1334 Bononiae
512 1263 672 1355 Dollor,
700 1290 737 1338 et
755 1270 918 1340 Mutinae
936 1267 1075 1352 docuit,
1099 1261 1183 1335 dein
1207 1255 1365 1354 Capella·

154 1385 217 1436 nus
241 1357 433 1435 Clementis
460 1359 550 1446 1V.,
576 1380 613 1432 et
644 1364 762 1451 palatii
787 1362 985 1458 Apostolici
1013 1361 1141 1432 auditor
1165 1350 1363 1450 generalis,

143 1451 306 1548 'denique
331 1452 391 1524 sub
415 1451 568 1555 Nicolao
594 1456 666 1526 ΙΙΙ.
695 1457 787 1530 Petri
819 1457 1030 1554 patrimonio
1062 1448 1258 1551 praefeclus
1292 1444 1363 1533 est,

141 1571 233 1626 ·cum
260 1548 367 1634 titulo
387 1547 545 1623 Relloris
568 1570 605 1620 et
631 1552 785 1625 Comitis
817 1553 1041 1648 patrimonii,
1080 1567 1244 1622 necnon
1279 1542 1365 1614 Dux

142 1643 299 1722 ·mititiae
323 1645 491 1740 generalis
518 1645 555 1718 in
581 1644 774 1719 ditionibus
798 1648 980 1722 Romanae
1008 1645 1115 1732 sedis3
1142 1664 1214 1737 quo
1229 1637 1270 1711 iu
1286 1659 1363 1709 mu·

142 1756 239 1817 'nere
261 1760 382 1815 contra
404 1740 581 1815 Romanae
615 1740 704 1813 sedis
747 1745 889 1816 rebelles
920 1743 1011 1816 haud
1053 1762 1119 1812 una
1156 1738 1240 1809 uice
1280 1729 1367 1804 stre·

140 1850 222 1913 'nue
258 1835 448 1930 pugnavit:
482 1834 620 1908 tandem
646 1837 864 1911 Mimatensrs
887 1838 1082 1934 Episcopus
1110 1833 1146 1906 in
1169 1826 1366 1926 Aquitania

156 1938 198 2009 ab
223 1957 254 2007 a.
282 1936 387 2009 1286.
421 1928 565 2024 Scripsrt
578 1929 743 2027 speculam
764 1936 874 2028 juris,
905 1928 1178 2006 commentarios
1201 1926 1362 1998 incano-

156 2052 217 2106 nes
239 2025 381 2100 concilii
404 2025 657 2118 Lugdunensis,
683 2027 832 2123 denique
864 2028 1092 2115 utilissimum,
1117 2042 1153 2095 et
1176 2015 1363 2127 lelludig·

156 2125 350 2211 niffimum,
373 2119 515 2211 librum,
540 2123 700 2197 rationale
722 2127 896 2197 divinatam
914 2119 1108 2216 (afficiamur,
1137 2117 1242 2214 saepe
1267 2133 1363 2212 typus

140 2215 360 2318 expressum.
386 2216 672 2291 Ceterumnotari
690 2238 843 2292 meretur
859 2221 982 2314 ejusde
1000 2209 1361 2305 auclara‘llladiblum,

156 2314 247 2413 apud
271 2317 367 2385 Cave
391 2313 519 2404 Script.
553 2313 708 2400 Eccles.‚
743 2331 859 2387 morum
882 2314 1068 2411 sentimur,
1099 2311 1223 2386 molum
1257 2307 1366 2402 nesci·

139 2422 245 2497 'aaus,
263 2403 481 2499 armantium
506 2410 672 2480 credimus.
859 2477 861 2481 .

203 2504 235 2601 ᾗ.
260 2501 371 2573 CLV.
414 2498 533 2571 Studia
558 2521 745 2595 quantum,
779 2524 818 2580 et
850 2529 915 2602 qua
947 2505 1108 2593 ratione,
1145 2494 1362 2587 floruerint,

138 2621 240 2680 ·cum
272 2616 317 2665 ex
342 2592 575 2686 superioribus
599 2596 677 2669 satis
702 2600 820 2698 colligi
846 2601 968 2697 poffit,
1001 2598 1163 2675 nonnulla
1194 2591 1365 2672 addidisse

160 2694 344 2773 observata
370 2687 560 2765 suffecerit.
603 2692 687 2767 Mos
716 2697 938 2770 examinandi
960 2715 995 2769 et
1019 2690 1253 2793 promovendi
1279 2710 1362 2763 cum

157 2788 269 2871 titulis
300 2803 337 2858 et
375 2784 571 2893 splennibus
599 2785 746 2862 invaluit
783 2793 852 2864 hoc
894 2791 1029 2881 seculo,
1068 2790 1220 2887 primum
1261 2781 1363 2859 forte

140 2883 317 2973 ·Patisris,
346 2879 429 2953 dem
455 2880 491 2953 in
513 2880 584 2955 aliis
619 2881 829 2961 Academiis.
880 2888 1035 2961 Fuerunt
1072 2907 1158 2959 vero
1191 2880 1358 2976 insignia,

143 2987 287 3084 pileus,
318 2976 492 3063 annulus‚·
516 2978 620 3074 longa
650 2979 774 3071 vestis,
817 2982 922 3056 liber·
944 2977 1084 3082 apertus
1122 2982 1159 3052 ea
1204 2976 1359 3066 clausus,

142 3075 395 3180 cathedraaet
412 3069 582 3181 osculum:
603 3075 645 3147 de
662 3100 807 3170 quorum
820 3079 957 3176 origine
968 3102 1037 3150 non
1058 3071 1184 3149 unaest
1199 3071 1362 3148 erudito·

155 3197 234 3250 rum
258 3187 390 3263 opimo.
437 3167 617 3274 Videntur
647 3171 741 3242 sorte
763 3174 914 3247 solennia
937 3197 981 3245 eo
997 3172 1179 3268 rpeoaue,
1203 3188 1243 3243 ut
1262 3170 1363 3242 Doc-

158 3290 255 3348 tores
279 3280 317 3337 et
343 3259 507 3356 Magistri
531 3263 620 3358 quast
652 3265 689 3337 in
715 3268 928 3342 clericorum
959 3269 1116 3340 ordinem
1146 3282 1361 3359 cooptaren-

137 3387 235 3444 'turs
267 3356 317 3432 est
340 3355 433 3429 enim
458 3362 565 3450 pileus
592 3379 833 3471 tegumentum
862 3362 1091 3450 sacerdotale,
1122 3361 1244 3436 annulo
1271 3381 1361 3459 quo·

136 3482 261 3558 ·que,·
280 3451 372 3565 quast
390 3456 570 3563 pronubo,
596 3460 801 3556 episcopalia
824 3482 963 3532 munera
994 3456 1146 3531 conferri
1178 3456 1361 3548 solebant,

130 3557 383 3660 'languenam
410 3547 518 3623 vestra
542 3547 592 3622 est
616 3551 751 3629 babitus
772 3553 1008 3642 sacerdotalis,
1043 3552 1241 3627 Dollorum
1270 3576 1366 3631 veto

133 3678 139 3697 ·
156 3667 301 3755 propria
314 3644 397 3718 sunt
420 3648 504 3717 liber
528 3665 566 3720 et
590 3650 754 3725 cathedra.
804 3648 918 3724 Fuisse
944 3671 1060 3724 autem
1078 3649 1256 3724 Doclores
1273 3648 1363 3725 olim

157 3742 306 3851 clericis
327 3739 589 3850 admuneratos,
616 3744 735 3820 docuit
754 3746 827 3856 jam
848 3746 1060 3820 Pancirollus
1085 3746 1203 3823 variar.
1229 3745 1314 3819 teu.
1335 3747 1365 3823 l.

156 3850 187 3924 1.
233 3835 390 3931 Videtur
423 3855 542 3944 itaque
573 3860 592 3912 a
627 3841 796 3935 probabili
827 3863 899 3915 non
929 3843 1100 3932 alienum,
1142 3862 1256 3915 totum
1289 3843 1368 3917 boc

131 3934 349 4020 ·institutum
383 3933 558 4029 originem
598 3931 689 4007 suam
722 3935 822 4038 alicui
855 3938 1045 4035 Paparum‚
1078 3939 1173 4012 forte
1203 3936 1366 4012 Nicolao

128 4050 132 4057 ’
155 4039 250 4129 1V.,
272 4027 422 4120 debere,
457 4047 549 4104 cum.
566 4044 681 4107 toturn
697 4028 737 4142 in
751 4031 836 4113 sacri
861 4033 1009 4111 ordinis·
1030 4033 1290 4201 incrementurp
1325 4055 1369 4108 et
