3022 4806
585 555 690 634 Secul.
717 555 805 632 XII.
1245 569 1315 661 167

80 729 232 805 fitedla
264 751 349 808 mox
384 755 428 808 eo
461 732 686 829 tetendisset,
728 733 784 809 sed
828 733 900 808 sese
935 730 1078 808 urbibus
1110 731 1311 836 muniendis¹

76 848 292 925 occupatum
327 830 459 923 tenuit,
494 853 532 906 et
563 854 643 906 cum
670 830 791 930 postea
825 829 1099 926 Hierosolymae
1125 854 1309 929 oppugna.

77 922 219 998 tionem
239 924 354 1000 intem
381 928 491 1002 estive
522 928 707 1019 tentasset,
741 946 780 998 re
803 926 935 1002 infedla
958 927 1139 999 discedere
1162 930 1305 1022 debuit,

78 1015 155 1116 ipsa
179 1043 320 1118 quoque
353 953 541 1098 ssalaestina
565 1024 666 1099 brevi
685 1022 763 1123 post
779 1021 926 1113 deserta.
975 1024 1063 1098 Com
1081 1025 1203 1130 enim,
1229 1049 1306 1102 mo·

79 1131 138 1189 tus
164 1115 203 1191 in
222 1117 358 1214 ,Anglia
383 1118 568 1194 intestinos
594 1119 662 1194 else
687 1142 804 1209 ortos,
836 1138 875 1191 et
898 1120 1038 1216 Regem
1062 1118 1199 1195 Galliae
1223 1144 1305 1219 reg·

78 1233 130 1286 no
155 1213 218 1287 suo
239 1212 448 1306 imminere,
475 1216 716 1306 intellexisset,
741 1214 813 1288 iter
830 1214 868 1288 in
888 1220 1034 1311 patriam
1051 1212 1213 1310 suscepit.
1260 1221 1304 1296 lo

76 1305 168 1380 mari
192 1328 308 1384 autem
335 1333 414 1387 cum
432 1310 505 1410 jam
531 1309 616 1386 esset
641 1312 768 1400 clallis,
808 1328 846 1384 et
871 1310 1046 1386 saladinus
1071 1311 1213 1409 Joppen
1237 1317 1305 1391 ob·

77 1401 233 1497 fideret,
256 1406 414 1484 reversus
437 1412 471 1482 in
490 1430 567 1483 eam
590 1410 711 1482 urbem
733 1407 805 1481 sese
822 1406 998 1505 conjecit,
1022 1431 1084 1497 ac,
1111 1407 1302 1519 eruptione

77 1496 194 1591 faeta,
223 1500 410 1597 prostravit
430 1504 650 1595 Saladinum,
690 1522 729 1578 et
750 1501 905 1595 inducias
934 1525 1014 1580 cum
1041 1526 1087 1578 eo
1115 1501 1217 1596 secat,
1258 1506 1299 1585 in

79 1595 145 1669 har
168 1597 411 1689 conditiones,
444 1617 484 1674 ut
509 1602 606 1690 loca,
640 1621 728 1696 quae
749 1596 829 1697 post
852 1602 1301 1696 Accooemrexpognatam

78 1709 249 1800 ceperant
277 1693 479 1786 Christiani,
519 1695 799 1784 denudarentur,
841 1714 958 1783 totam,
983 1717 1074 1783 vero
1107 1718 1300 1778 oram-ma·

76 1787 1299 1963 {urrinnandane{internuntiante

76 1979 246 2072 cederet,
268 1979 418 2057 noueris
435 1913 767 2092 finiten'aenrqie,
788 1942 994 2092 constanti
1021 1909 1146 2092 iceret
1168 1915 1301 2060 nterii

76 2076 247 2174 solymam
268 2077 471 2179 devotionis
499 2099 584 2173 ergo
607 2078 713 2154 adire.
762 2079 898 2178 Quibus
925 2077 1112 2181 confessis,
1148 2081 1236 2155 mari
1260 2077 1298 2158 se

77 2172 194 2248 mrsut
225 2172 401 2248 commifit
431 2172 652 2265 Richardue,
692 2170 749 2245 sed
783 2170 1000 2271 tempestate
1024 2174 1064 2244 ad
1098 2175 1297 2252 Dalmatiae

77 2269 200 2346 littora
226 2267 385 2365 ejeslor,
425 2290 491 2366 per
519 2276 645 2344 tetram
675 2262 927 2356 iterfaciens,
969 2286 1004 2340 et
1037 2289 1099 2360 per
1121 2268 1298 2349 Austriam

78 2361 246 2455 tendens,
278 2363 407 2439 incidit
437 2367 475 2439 in
504 2381 625 2441 manus
657 2360 856 2459 Leopoldi,
887 2360 995 2438 Ducis
1020 2360 1201 2456 clusiriae,
1239 2369 1299 2445 in.

76 2457 257 2540 fenfiffimi
281 2458 409 2548 hostia,
443 2459 522 2628 jui‘
542 2460 653 2554 ipsum
680 2459 879 2628 mammii
911 2459 1055 2533 tradidit
1088 2461 1293 2558 captivum,

76 2556 172 2633 unde
222 2577 295 2630 non
339 2554 402 2631 nili
468 2557 634 2632 ifficulter
671 2566 720 2651 po
753 2579 793 2629 ea
837 2556 1005 2630 liberatos
1049 2553 1124 2630 ell:
1174 2578 1213 2632 ut
1252 2560 1293 2638 io

74 2649 222 2730 historia
245 2649 434 2726 Coelellini
458 2654 570 2750 Papae
593 2651 743 2730 narravi.
791 2648 978 2737 Ceterum,
1012 2669 1049 2744 ut
1073 2649 1155 2723 illud
1179 2654 1294 2731 obiter

76 2748 291 2835 observem,
324 2746 536 2822 Marchione
577 2745 896 2822 Montiaserratensr
928 2749 1110 2833 Conrado,
1143 2750 1202 2843 qui
1227 2775 1297 2846 per

77 2866 227 2922 uxorem
245 2842 441 2930 lsabellam‚
468 2843 624 2917 Balduini
640 2842 708 2923 LV.
736 2843 910 2931 sororem,
935 2843 976 2914 ad
994 2864 1141 2935 regnum
1159 2843 1294 2918 Hiero·

76 2938 321 3039 solymitanum
353 2938 564 3035 adspirabat,
604 2939 697 3036 quod
731 2939 874 3010 tenebat
907 2937 1045 3025 Guido,
1091 2935 1182 3009 uode
1205 2939 1296 3019 acris

79 3056 153 3112 erat
175 3037 272 3110 inter
295 3034 474 3108 Cruciatos
500 3053 575 3108 orta
599 3033 836 3119 concertatio,
878 3051 1039 3120 mortuo,
1071 3032 1292 3130 Richardur,

78 3152 261 3230 antequam
285 3127 471 3206 Palaestina
502 3128 714 3217 excessisset,
754 3125 915 3221 persuasit
942 3127 1123 3216 lsabellae,
1166 3150 1203 3203 nt
1226 3156 1293 3209 nu.

79 3233 174 3308 beret
191 3223 372 3318 Henrico,
397 3224 608 3323 Campaniae
625 3224 777 3313 Comiti,
802 3222 969 3316 litemque
988 3222 1032 3295 de
1049 3246 1094 3296 eo
1116 3245 1226 3318 regno
1242 3229 1293 3306 ita

77 3325 301 3423 composuit,
323 3342 363 3398 ut
386 3322 560 3397 Henricut
586 3319 671 3396 ellet
696 3322 798 3407 Rex,
823 3337 860 3391 et
885 3317 1041 3392 Gnidoni
1064 3321 1206 3395 cederet
1225 3347 1292 3400 no·

76 3446 163 3498 rom
187 3421 269 3498 illud
299 3418 407 3530 Cypri
430 3440 598 3516 regnum,
620 3417 712 3511 quod
737 3414 953 3501 Richardus,
978 3435 1016 3489 ut
1040 3417 1195 3508 narravi,
1228 3442 1292 3494 oc.

79 3537 272 3688 cuperent
288 3515 472 3627 iortrnere.
482 3516 706 3682 'Objecergnt
718 3511 858 3680 ‹guidesm
875 3509 1289 3682 h·oste?l}1irchardi,scon.

73 3636 304 3808 sollers}
337 3607 640 3804 llllllna
665 3628 947 3800 iiiiii&
976 3628 1078 3775 liri
1105 3631 1290 3784 ‘stilla

71 3808 333 3902 adpellabatut,
358 3801 467 3878 fuerit
483 3806 721 3878 obtruncatus.
773 3799 830 3871 De
848 3822 919 3894 quo
934 3798 1036 3892 sene,
1062 3803 1099 3873 de
1125 3809 1288 3882 montanis

71 3904 193 3996 dieto,
231 3897 364 3976 inmani
397 3896 540 3990 srcario,
579 3898 652 3972 vid.
685 3895 803 3969 Paulus
838 3895 1000 3970 Venetus
1040 3898 1084 3969 de
1108 3903 1288 3995 regionibus

69 3998 309 4146 ⁰¹⁵‘”'..‘,.'.¹¹
332 4018 366 4076 c.
391 4000 453 4090 28,
476 4013 513 4071 et
536 4014 617 4091 29„
641 3992 814 4180 wasia
838 3994 969 4070 Sanuca
990 3992 1014 4070 l.
1038 3993 1127 4089 lll.,
1151 4012 1292 4176 proffig:

112 4360 156 4411 ορ
