3022 4806
149 474 157 493 ἱ

270 664 294 694 r
368 615 371 619 ’
490 650 521 660 ··
573 635 796 717 secutmt·
1223 662 1304 747 η,

91 800 316 916 Neuirigensrs
331 836 402 891 rer.
429 813 569 914 Anglic.
594 819 617 892 l.
644 817 694 906 1..
720 813 813 891 inter
831 812 1042 892 Bernardom
1060 814 1218 893 Vitalem
1243 842 1282 903 et

85 912 259 989 Robcrtum
288 911 511 1006 couveuille,
554 934 594 989 ut
619 915 796 987 Robertus
828 912 1058 987 foeminarum
1092 917 1277 993 conversa·

81 1030 144 1084 runt
165 1030 281 1085 curttn
354 1030 468 1085 teret:
502 1007 593 1084 unde
624 1009 720 1083 sorte
752 1008 898 1106 sulpicio
930 1004 972 1079 de
1007 1006 1112 1085 nimis
1133 1008 1277 1090 familia·

75 1106 159 1181 tiore
180 1125 298 1179 conve
328 1106 449 1179 atione
472 1107 550 1201 ejus
575 1126 655 1180 curn
679 1103 843 1178 foeminis
868 1119 946 1178 nata
969 1100 1033 1176 est.
1386 1104 1393 1120 ⁸

82 1250 85 1257 ,
109 1198 143 1302 ς.
164 1201 242 1275 cti
275 1200 387 1275 Vitae
407 1219 444 1274 et
469 1222 605 1274 morum
629 1199 763 1275 ratione
787 1199 924 1286 habita,
952 1196 1143 1292 turpilitma
1168 1201 1285 1298 plane.

68 1315 100 1408 ,⁶¹
120 1293 306 1370 triliiflima
338 1290 405 1369 fuit
435 1294 612 1372 Ecclesiae
640 1293 677 1368 in
709 1315 857 1392 utroque
881 1297 966 1368 orbe
981 1385 989 1403 .
1004 1292 1129 1385 facies,
1146 1392 1152 1405 Ι
1169 1298 1276 1375 Clero

10 1540 12 1545 ,
61 1390 1277 1594 ttzstnnluttnttnmintiletenna?

61 1581 282 1670 ambitionis,
304 1579 483 1670 dominii,
512 1581 700 1671 avaritiae,
732 1582 850 1668 luxus,
878 1581 1147 1673 scortatronum,
1179 1586 1275 1683 rapi.

61 1700 197 1767 narum,
223 1694 262 1748 et
286 1676 552 1784 oppressionum.
602 1677 658 1750 De
681 1697 751 1771 quo
773 1696 891 1749 omnes
919 1672 1083 1750 testantur
1116 1680 1275 1776 annales,

60 1770 238 1858 historici,
270 1773 394 1867 alitque
419 1770 616 1865 scriptores.
668 1769 751 1848 Vid.
786 1769 941 1846 Ullerius
966 1771 1009 1844 de
1027 1770 1176 1847 Succcli.
1202 1775 1271 1850 Ec·

60 1869 133 1941 cles.
160 1865 197 1940 in
221 1864 439 1957 Occidente,
473 1867 654 1963 catalogus
686 1865 824 1941 testium
856 1863 1014 1941 veritatis
1036 1868 1058 1940 l.
1085 1868 1208 1951 XIV..
1233 1890 1273 1947 ec

59 1957 211 2037 Wolfius
230 1959 328 2036 Len.
352 1963 550 2036 Memorab.
573 1979 667 2035 cent.
696 1963 797 2046 xit..
822 1982 858 2034 et
879 1961 1114 2059 Hottingerus
1134 1962 1171 2037 in
1190 1965 1272 2046 bist.

59 2055 184 2133 tocies.
218 2057 320 2153 hujus
351 2055 484 2147 seculi,
527 2080 572 2131 ne
604 2058 748 2131 aliorum
782 2055 908 2131 faciam
940 2058 1164 2131 mentionem.
1213 2063 1273 2141 Ex

61 2153 256 2241 oneribus,
295 2171 333 2224 ut
361 2151 492 2248 aliquos
522 2150 696 2241 excitem,
737 2150 903 2248 legendus
927 2150 979 2225 est
1013 2153 1203 2228 bernardus
1228 2157 1273 2232 in'

61 2248 150 2323 libris
171 2248 219 2320 de
243 2243 490 2340 confidentiant
514 2248 556 2322 ad
585 2243 784 2341 Eugenium
809 2246 896 2332 Ill,
921 2265 959 2319 et
986 2246 1099 2319 sermo
1125 2245 1160 2319 in
1185 2272 1274 2327 con·

62 2341 345 2418 cilioRbcrnensr
366 2343 410 2417 ad
432 2343 590 2430 Clerum,
615 2342 675 2438 qui
702 2341 774 2437 ejus
799 2362 927 2414 nomen
952 2338 1126 2434 praefert,
1151 2345 1263 2439 Oper.

63 2438 219 2512 liemardi
253 2440 322 2512 vol.
350 2439 397 2512 11.
448 2440 506 2512 De
530 2438 680 2511 inmensa
696 2438 924 2511 Praelatorum
954 2435 1096 2512 avaritia
1121 2439 1273 2520 luculen-

64 2551 132 2607 tum
156 2532 270 2606 exllat
293 2531 458 2607 Bernardi
482 2531 742 2619 testimonium,
767 2532 910 2608 sermon.
936 2532 980 2609 X.
1006 2531 1048 2606 ad
1073 2533 1259 2613 Canticum

64 2627 258 2704 Salomonis
279 2629 389 2724 Oper.
416 2646 502 2703 torn.
527 2630 555 2702 1.
581 2651 617 2723 p.
649 2633 776 2716 1208„
800 2627 844 2702 de
869 2625 957 2701 fastu
984 2650 1105 2701 eorum
1136 2650 1172 2705 et
1197 2633 1272 2712 aliis

64 2725 156 2800 vitiis
178 2724 266 2798 ibid.
291 2747 326 2819 p.
354 2742 483 2817 1397„
509 2722 570 2797 ubi
598 2722 704 2797 etiarn
729 2721 811 2797 inde
839 2723 1002 2817 collegit,
1031 2722 1157 2799 instate
1182 2745 1273 2803 tem·

64 2844 146 2919 pot,
172 2841 245 2916 quo
268 2817 506 2893 manifestetur
530 2815 775 2893 Antichristus.
822 2819 881 2889 Sic
900 2839 936 2891 et
958 2818 1003 2891 de
1026 2841 1145 2891 eorum
1170 2822 1272 2916 loru,

110 2939 212 3012 rupa,
239 2936 280 2989 ac
304 2913 564 3010 spoliationibus
587 2912 780 3001 Ecclesiae,
809 2910 953 2989 sermon.
980 2936 1039 3007 77.
1088 2914 1143 2986 De
1166 2918 1271 3008 luxu,

64 2942 260 3124 igpocrifi,
291 3029 327 3082 ct
353 3007 442 3083 fastu
473 3009 654 3084 inmodico
678 3009 934 3083 Monachorum
977 3008 1078 3084 variis
1119 3010 1157 3085 in
1185 3014 1274 3089 locis

65 3125 160 3277 {tl’
205 3127 332 3275 llll
352 3102 1273 3291 l“ltsloe'tlzll‘lillelillfll‘ir.iil·

66 3299 250 3374 Slavorum
280 3295 304 3370 l.
328 3296 392 3370 lll.
415 3317 445 3369 c.
470 3319 508 3385 9.
538 3255 723 3391 ’Legenda
745 3294 780 3368 in
802 3292 924 3391 primis
948 3293 999 3367 est
1016 3297 1170 3391 Apologia
1189 3303 1272 3372 Ber·

62 3393 159 3468 nardi
183 3392 226 3466 ad
250 3389 459 3466 Gulielmum
492 3393 689 3478 Abbntem,
723 3412 788 3486 qua
825 3389 879 3476 se,
912 3410 949 3461 et
986 3391 1146 3464 ordinem
1175 3394 1271 3472 suum

63 3486 348 3571 cisterciensem,
367 3485 529 3560 defendit
546 3511 565 3562 a
580 3484 747 3560 calumnia
770 3483 1040 3558 obtreciationis
1055 3487 1196 3561 aliorum
1215 3514 1273 3563 or·

64 3584 196 3660 dinnm.
247 3581 483 3656 Conseruntur
506 3583 613 3656 etiam
640 3580 803 3655 Gaulridi
830 3579 975 3652 Abbatis
999 3581 1273 3662 declamationes

64 3705 108 3756 cx
133 3677 327 3768 Bernardo,
352 3679 457 3773 Opes.
481 3677 645 3763 Bernardi
674 3697 759 3748 torn.
785 3677 853 3762 ll.,
879 3674 938 3747 ubi
961 3673 1065 3749 etiam
1080 3677 1124 3751 de
1141 3677 1274 3758 scorta·

63 3772 235 3858 tionibus.
270 3791 308 3846 ct
334 3771 643 3847 nundinationibus
669 3769 786 3858 sacris,
818 3793 858 3845 ac
881 3771 1065 3845 ambitione
1091 3798 1275 3852 munerum

60 3868 399 3961 Ecclesrasticorum,
416 3868 554 3964 aliisque
572 3866 688 3953 vitiis,
708 3867 835 3962 agitur.
886 3868 942 3940 De
960 3867 1105 3944 avaritia
1122 3891 1157 3942 et
1175 3873 1273 3950 luxu-

63 3969 115 4043 ria
140 3967 375 4040 Ptaelatorum
409 3980 444 4037 et
475 3962 684 4037 subditotum
722 3965 946 4061 conqueritur
984 3986 1119 4059 quoquc
1151 3968 1280 4041 P-..uus

63 4060 221 4142 Cellcoiu
244 4062 269 4139 l.
300 4060 388 4142 VII.
413 4056 512 4161 epist
543 4083 596 4136 tr.
619 4082 662 4232 {t
693 4083 771 4155 13„
794 4081 861 4136 nec
886 4079 959 4135 non
985 4062 1027 4133 de
1051 4059 1280 4228 “mit-iiim

672 4178 692 4254 3
1153 4180 1284 4236 mitrii-,l

1383 4272 1424 4532 l
