3022 4806
125 613 199 691 52²
513 571 662 674 undum
684 570 809 669 Eresos.
833 569 952 669 curin.

132 768 212 844 sunt
243 758 489 838 Taburitarum
524 753 677 843 articuli,
709 752 801 849 apud
822 750 1084 829 ·L'Ensantiunr
1109 751 1241 848 ubrii3
1271 755 1360 834 im

135 884 223 961 quur
245 856 350 956 aliqui
378 871 582 939 occurrunt,
608 871 646 923 ut
670 852 715 924 de
736 851 884 943 generati
911 846 1072 923 hostium
1097 850 1356 947 destruffloue,

138 983 184 1035 eo
208 978 299 1029 tuno
323 953 453 1039 sutura,
478 970 516 1024 et
538 945 622 1022 noui
647 946 764 1042 Regni
788 944 1045 1053 Apocrlpptiei
1069 948 1275 1037 ereuione,
1296 952 1354 1048 qui

137 1054 199 1129 uix
232 1051 339 1125 fidem
370 1065 565 1121 metentur:
597 1042 657 1114 sed
684 1064 722 1113 et
755 1058 838 1114 tunc
870 1042 1039 1115 duxerunt
1077 1044 1297 1135 Taburitue,
1318 1045 1354 1120 se

139 1158 262 1223 umnet
295 1144 373 1219 iiior
406 1142 569 1215 articusor
606 1158 675 1209 uon
707 1139 902 1210 adsumere:
932 1137 1106 1213 videntur
1129 1144 1355 1217 nrnrsominnr

141 1240 311 1330 tenuisse,
344 1236 463 1333 inpios
502 1233 574 1309 effe
603 1233 782 1319 detentor,
815 1252 853 1306 et
887 1232 1132 1309 violentorum
1166 1235 1353 1313 facinorum

140 1337 241 1414 fuine
266 1354 415 1408 autorem
463 1331 551 1404 Vid.
582 1327 754 1402 Laurentii
778 1326 897 1425 Bytini
922 1331 1065 1402 diarium
1085 1330 1353 1431 hessissuffieici,

143 1435 244 1526 supra
285 1433 443 1501 citatum.
492 1426 561 1500 Sed
600 1423 684 1497 niuis
729 1422 897 1497 effectum
925 1423 977 1496 est
1010 1423 1048 1496 in
1083 1448 1290 1519 conuentu,
1319 1448 1350 1502 et

143 1522 265 1601 mansu
289 1519 424 1599 sunestu
454 1520 600 1608 divisio,
625 1519 708 1593 licet
726 1520 762 1592 in
790 1520 970 1592 beliocum
989 1516 1152 1597 hostibus
1168 1525 1353 1599 nonomine

142 1640 285 1714 utraque
309 1641 386 1714 pan
410 1614 687 1708 perseveraverit.
737 1614 830 1686 Dein
851 1635 944 1687 anuo
967 1616 1141 1712 stquente
1167 1622 1352 1712 1421.,iu

143 1736 322 1794 corruentu
355 1712 555 1800 aninniae,
586 1712 627 1783 ad
661 1734 763 1804 quem
797 1709 938 1782 Moruvi
961 1713 1067 1783 etiam
1094 1715 1173 1786 suut
1195 1715 1350 1804 invitati,

145 1832 325 1886 eteorum
350 1810 511 1901 deputati
536 1826 730 1892 uenerunt,
755 1826 886 1903 quatuor
900 1806 976 1878 stunt
992 1807 1186 1883 constituti
1204 1811 1351 1898 articuli,

146 1907 211 2006 qui
240 1905 358 2002 postet
388 1903 531 2000 Synodo
563 1899 737 1976 Bastitensr
778 1904 854 1974 sunt
885 1903 1020 1990 oblati,
1061 1923 1093 1976 ι.
1120 1906 1352 1981 eucharistiam

145 2010 208 2082 sub
244 2022 388 2098 utraque
422 1998 536 2095 specie
559 1996 717 2071 omnibus
740 1995 809 2069 esse
833 1999 1073 2092 praebendam.
1132 2022 1165 2074 2.
1190 2002 1349 2078 sacerdo·

148 2101 241 2177 tibur
276 2116 312 2171 et
342 2094 530 2171 Monachit
567 2094 657 2168 bona
689 2093 888 2187 temporalia
928 2091 995 2164 eise
1029 2091 1279 2173 subtrahenda
1318 2120 1347 2192 3.

177 2194 295 2270 ublieu
307 2212 454 2292 peccatu
471 2189 606 2276 seuere,
633 2211 670 2261 et
690 2187 870 2261 secuudum
888 2190 1001 2284 leget,
1029 2190 1208 2283 punienda
1224 2194 1300 2269 effe.
1319 2218 1351 2284 4.

148 2220 311 2367 &erbum
348 2288 416 2362 Dei
453 2288 580 2382 ubique
613 2285 716 2358 libere
748 2308 766 2356 a
800 2283 995 2356 Christianis
1026 2286 1267 2363 sacerdotibus
1288 2289 1351 2365 effe

149 2381 442 2460 udnunciuudum.
486 2384 529 2453 ln
559 2402 643 2475 quor
672 2380 836 2453 arti-cuius
868 2379 1013 2452 Moruni
1047 2404 1192 2475 quoque
1217 2385 1347 2460 censen·

146 2481 289 2564 serunt,
329 2495 365 2547 et
405 2474 477 2568 ipse
517 2475 690 2568 Pragensrs
727 2475 1020 2569 Archiepiscopus
1059 2477 1265 2570 Conradut,
1296 2482 1349 2579 qui

149 2572 360 2650 Hussttarum
388 2588 503 2662 partes
525 2573 566 2643 ab
591 2594 634 2641 eo
660 2589 819 2663 tempure
844 2571 975 2644 secutus
995 2569 1061 2644 est.
1111 2576 1263 2650 Additur
1277 2577 1351 2652 dein

152 2671 204 2747 est
226 2671 356 2765 quintus
379 2665 557 2749 articulus,
584 2669 627 2736 de
652 2667 751 2758 Rege
775 2666 993 2760 Sigisinundo
1015 2668 1239 2760 abdicando,
1264 2674 1349 2746 etde

151 2767 339 2853 Cuributo,
363 2763 520 2860 patruele
546 2759 736 2848 Uladnssui‚
764 2762 926 2833 Posnniue
945 2761 1073 2857 Regis,
1100 2766 1270 2862 eligendo
1287 2771 1350 2842 Re·

151 2890 209 2964 ge.
260 2861 327 2937 Cui
349 2862 494 2936 articulo
523 2881 587 2931 nec
609 2860 816 2941 'saborime,
844 2861 899 2952 qui
923 2858 1068 2931 liberum
1095 2866 1272 2958 urgebant
1291 2862 1346 2937 ste·

149 2981 245 3045 tum,
279 2979 349 3030 nec
378 2953 599 3045 Moravitue,
624 2957 682 3045 qui
707 2951 919 3049 sigismundo
944 2955 1152 3028 renunciare
1178 2960 1353 3048 nolebant,

150 3051 328 3128 adsensum
360 3053 604 3146 praebuerunt.
658 3053 759 3124 Unde
792 3074 873 3124 mort
912 3049 1040 3142 majora
1069 3052 1148 3124 sunt
1179 3074 1260 3130 orta
1291 3053 1349 3128 dis·

148 3148 232 3223 sidia
263 3147 357 3219 inter
382 3146 569 3222 Taburitas
599 3166 634 3217 et
670 3144 871 3240 Pnigenses,
897 3167 974 3216 cum
1000 3145 1191 3242 Pragensm
1210 3151 1282 3246 jam
1304 3173 1351 3224 re·

150 3261 319 3410 tepefant
352 3241 489 3339 Regem
519 3245 743 3330 Coributum,
777 3263 877 3336 quem
912 3241 1105 3316 Taburitue
1139 3267 1224 3320 cum
1253 3246 1378 3322 zum

151 3361 236 3414 tecu
252 3355 363 3412 arunt.

196 3434 229 3532 5.
257 3433 540 3509 ccccuxxm.
565 3433 651 3506 Cum
677 3430 866 3506 Taburitae
889 3457 918 3506 n.
952 3455 1055 3524 1422.
1082 3433 1232 3535 Pragam
1257 3436 1354 3514 noan

115 3544 120 3553 “
148 3528 406 3624 irrumperent,
433 3549 470 3601 et
505 3529 651 3622 spoliare
678 3550 875 3617 tentarent,
909 3532 1092 3603 acivibur
1123 3555 1216 3609 vero
1237 3531 1351 3630 repulsi

148 3647 185 3701 et
212 3624 361 3718 oppresii
387 3621 515 3712 essent,
541 3625 647 3698 Zizim
674 3623 806 3722 quidem
833 3625 867 3696 sse
890 3622 1068 3698 excusavit
1096 3627 1206 3723 super
1226 3629 1348 3704 eusto-

148 3740 209 3811 ιο,
233 3739 396 3813 tanquam
422 3721 461 3791 se
484 3721 608 3809 ignaro
633 3738 856 3815 perpetrato,
889 3719 1037 3794 dissuasit
1062 3740 1185 3800 tumen
1211 3728 1345 3820 engen-

148 3817 236 3896 fibut
261 3837 394 3889 nouum
420 3814 575 3907 Regem,
602 3835 657 3903 et,
684 3838 763 3890 cum
782 3815 865 3888 nihil
884 3817 920 3889 in
951 3834 1100 3903 etruret,
1129 3821 1214 3897 iram
1227 3840 1259 3892 et
1273 3816 1351 3918 ipse

148 3917 189 3994 in
212 3935 272 3988 eut
295 3910 481 4004 concepit,
507 3912 637 4006 eosque
661 3933 865 4010 oppugnare
891 3913 1064 4006 ngreffus
1089 3915 1154 3989 est.
1208 3917 1299 3993 Bello
1320 3913 1351 3988 i·

147 4028 256 4117 tuque
283 4006 607 4108 contragensium
631 4007 714 4086 iude
740 4030 821 4087 ortu
846 4033 878 4086 a.
900 4031 1028 4108 1423„
1056 4007 1096 4087 iu
1125 4037 1204 4112 quo
1225 4038 1290 4093 unu
1310 4011 1354 4086 ti·
