2976 4830
141 564 216 648 σᾳ
528 545 825 645 mstaeranccus.
849 545 974 646 coest.

146 727 329 806 contenti:
372 745 550 822 patrarunt
580 743 697 797 autem
729 708 916 815 miribilia,
958 744 997 799 et
1028 725 1234 822 lingularem
1262 726 1350 822 plane

146 852 187 902 ac
205 826 407 921 stupendam
425 844 648 893 emeruerunt
668 822 854 908 virtutem,
877 823 924 893 ira
942 843 982 892 ut
997 827 1120 916 pauci,
1146 841 1182 895 et
1199 824 1348 917 inerper·

148 925 198 1010 ti,
224 921 311 991 male
328 919 470 989 armati.
497 916 610 988 holles
628 939 755 1012 magno
770 938 935 1003 numero,
960 922 1202 1008 exercitatos,
1226 940 1260 991 et
1272 912 1370 990 um

148 1017 342 1101 nurffimos,
363 1015 478 1084 Duces
493 1013 649 1084 lualerint
667 1014 852 1097 continuo,
878 1014 966 1084 nulla
991 1012 1069 1084 fere
1088 1037 1170 1086 cum
1189 1019 1244 1086 sua
1256 1015 1348 1088 dade.

150 1111 246 1184 caefi
288 1130 534 1183 nonnunuuam
578 1112 653 1177 lunt
686 1127 759 1196 9c0
789 1106 923 1195 hostes,
963 1108 1027 1202 ipsr
1061 1113 1124 1181 vix
1156 1111 1342 1204 quindecim

144 1207 381 1305 perdiderunt.
430 1206 522 1275 Otlo
550 1225 688 1296 quoque
711 1200 1069 1296 praestantiffimorum
1096 1206 1236 1277 Ducum
1263 1205 1344 1278 ceci·

147 1306 294 1388 derunt,
328 1299 421 1370 inter
444 1318 530 1388 quos
561 1296 629 1369 fuir
654 1298 795 1369 Carolus
825 1299 1044 1387 Truchetus,
1079 1300 1253 1373 Dominus
1271 1296 1349 1394 pagi

30 1410 32 1415 '
145 1398 352 1478 Rcoclaret,
380 1392 556 1485 singularis
582 1392 808 1466 fortitudinis.
857 1395 1014 1466 Duceuti
1041 1412 1080 1465 et
1109 1399 1224 1489 plures
1245 1396 1346 1467 subin·

142 1492 191 1564 de
216 1491 259 1562 ab
293 1486 374 1584 ipsrs
405 1485 492 1557 caesr
515 1488 591 1559 sunt
618 1485 748 1575 hostes,
783 1488 908 1583 absque
926 1509 965 1559 ut
987 1491 1046 1561 vel
1077 1489 1182 1562 unius
1208 1489 1348 1563 fecerint

141 1587 320 1684 jacturam.
362 1580 508 1656 Gestum
536 1581 686 1653 maxime
720 1581 771 1654 est
800 1585 871 1654 hoc
903 1583 1028 1655 bellum
1069 1583 1107 1656 in
1146 1588 1347 1660 convallibus

145 1679 329 1774 Angruuia
359 1699 396 1749 et
429 1676 560 1750 vicinis
586 1677 741 1771 regionis
770 1679 1055 1751 Pedemontanae.
1105 1679 1233 1752 Multis
1257 1705 1347 1776 prae·

146 1795 240 1848 terea
266 1773 443 1845 fraudibus
473 1774 550 1844 ulus
583 1771 635 1844 est
664 1772 790 1843 Comes
823 1773 1030 1860 Trinitatis,
1073 1774 1174 1868 pallia
1207 1797 1285 1849 cum
1309 1778 1347 1851 iit

144 1869 230 1944 odio
261 1889 321 1940 aut
353 1889 480 1939 novem
514 1866 610 1953 iniit,
649 1888 737 1960 quae
765 1865 910 1940 violavit
941 1868 1070 1941 omnia.
1121 1870 1238 1944 Prima
1261 1875 1347 1946 clade

142 1983 310 2059 accepta,
343 1979 382 2035 ut
409 1984 514 2033 unum
543 1959 715 2055 proferam
740 1965 960 2058 exemplum,
999 1986 1083 2036 cum
1109 1965 1258 2055 Comes,
1285 1990 1341 2060 ue·

143 2063 276 2155 gotium
304 2081 322 2128 a
347 2059 380 2129 se
410 2056 624 2152 lufcepturn,
657 2057 794 2128 viderer
823 2056 974 2151 periculi
998 2059 1139 2150 plenum
1166 2061 1257 2148 effe,
1285 2082 1343 2134 uec

142 2155 244 2232 facile
268 2151 536 2247 perficiendum,
576 2151 693 2222 omnia
724 2149 833 2223 amica
850 2153 1073 2226 ‘Vallensrbus
1101 2153 1273 2245 ostendit,
1310 2175 1342 2228 et

140 2253 286 2324 liberum
312 2246 492 2342 religionis
516 2246 741 2333 exercitium,
779 2268 798 2316 a
819 2245 978 2340 Principe
1005 2247 1269 2340 inpetrandam,
1295 2249 1339 2322 est

140 2347 339 2442 pollicitus,
383 2344 489 2412 modo
513 2363 603 2412 arma
637 2340 876 2434 deponerent,
919 2340 1073 2435 pastores
1099 2365 1281 2419 extraneos
1303 2345 1339 2417 od

141 2459 277 2529 tempus
296 2436 494 2514 dimittant,
523 2458 605 2505 mox
622 2442 857 2522 revocrndos,
881 2435 1010 2508 millam
1029 2443 1066 2508 in
1083 2440 1174 2513 locis
1191 2442 1253 2515 suis
1268 2465 1336 2534 per·

140 2534 285 2605 mittant
310 2528 494 2616 celebrari,
521 2531 603 2599 licet
625 2528 685 2617 ipfi
712 2551 781 2599 non
806 2533 1024 2618 interellent,
1058 2533 1213 2631 denique
1239 2540 1337 2632 depu-

135 2644 230 2720 tatos
263 2624 467 2718 praecipuos
498 2621 619 2717 populi
653 2623 792 2694 mittant
824 2626 865 2697 ad
900 2628 1114 2719 Principem,
1157 2633 1277 2704 veniae
1304 2649 1337 2703 et

139 2720 233 2821 pacis
256 2719 477 2812 impetrandae
509 2740 600 2812 ergo.
656 2719 755 2816 Quae
783 2720 898 2792 omnia
925 2724 1006 2792 licet
1031 2721 1187 2797 fecerint
1211 2727 1336 2813 fideles,

140 2816 203 2889 etsr
229 2815 352 2902 iuviti,
387 2829 423 2886 et
450 2814 566 2884 multis
593 2813 874 2903 dilluadentibus,
907 2815 1110 2887 hostilitates
1134 2843 1209 2892 non
1231 2821 1335 2893 omifit

138 2915 286 2996 Comes,
311 2909 469 3003 deputati
485 2909 591 2979 etium
610 2908 684 2978 sunt
707 2911 865 2997 detenti,
890 2929 924 2980 et
939 2914 1026 2981 male
1051 2914 1238 2988 admodum
1255 2936 1334 2987 truc·

138 3007 223 3089 tati,
260 3005 414 3099 nihilque
439 3003 488 3072 est
518 3004 747 3096 inpetratum:
790 3004 877 3074 adeo
911 3025 948 3076 ut
976 3008 1106 3079 Comes
1144 3011 1228 3082 nihil
1251 3008 1333 3084 aliud

136 3097 292 3172 habuerit
321 3097 356 3168 in
382 3096 517 3181 animo,
543 3121 643 3191 quarn
671 3118 707 3168 ut
732 3120 788 3166 eos
814 3099 946 3170 facilius
977 3103 1209 3193 opprimeret.
1257 3107 1331 3203 Quo

135 3189 395 3278 animadverso,
422 3192 544 3262 animis
561 3194 735 3276 resumtis,
762 3195 883 3265 bellum
904 3193 1042 3267 strenue
1068 3220 1291 3276 renovarunt.

181 3287 211 3384 Β.
240 3287 385 3360 DXCll.
435 3286 594 3358 Tandem
634 3310 713 3359 cum
755 3305 916 3360 votorum
953 3310 1138 3383 compotes
1169 3295 1244 3368 lieri
1266 3304 1335 3368 ‘non

135 3382 275 3478 pollent
300 3379 433 3468 hostes,
472 3381 664 3476 multosque
693 3381 937 3474 perdidillent,
978 3407 1045 3476 pro
1070 3410 1142 3460 uno
1167 3388 1335 3465 Waldenli

135 3478 275 3576 quidem
298 3497 440 3549 eentum
464 3476 510 3547 de
534 3475 614 3561 suis,
654 3477 788 3548 animos
812 3480 854 3548 ad
880 3481 1002 3551 bellum
1026 3500 1098 3553 tam
1129 3481 1331 3580 inglorium,

135 3591 174 3647 ct
192 3571 411 3657 damnosum,
440 3569 650 3657 finiendum,
678 3595 866 3678 pacemque
883 3573 1098 3685 faciendam,
1126 3578 1218 3653 serio
1232 3582 1333 3678 adpli-

133 3682 474 3832 ‘⁰²¹⁹luttzll5
502 3664 607 3833 lli„
628 3664 1322 3857 {lhllhlllill“itarital

128 3762 297 3947 3033·
320 3855 434 3967 Meus.
460 3813 562 3951 jun„
595 3854 813 3951 posteaquam
840 3820 1157 3947 apertum'benum
1179 3820 1331 3963 septem:

126 3975 167 4054 st
186 3950 406 4055 perseum,
430 3972 519 4050 que
544 3948 792 4054 raecum,
815 3952 918 4049 ouo,
939 3953 978 4033 u
1002 3956 1199 4063 nurerum
1218 3959 1339 4144 ‘dffffg
