3022 4806
130 640 204 713 εει
513 624 660 721 Historia
683 624 812 727 Ecclrs.
841 622 957 725 cirili.

140 826 247 891 otiet,
283 801 421 876 testium
447 800 698 898 depositiones,
734 824 878 881 reorum
911 798 1092 899 responsa,
1121 794 1245 873 eadem
1281 781 1351 901 lill-

141 920 208 996 gua
232 920 269 973 et
295 905 431 985 verbis,
465 902 588 993 quibui
610 902 689 973 datii
713 902 809 990 sunt,
842 899 1029 987 scribunt,¹
1049 914 1227 991 praeterea
1250 890 1350 963 bibi·

146 1016 220 1085 tui,
247 994 305 1066 seii
341 994 560 1083 accidentia,
595 998 904 1090 respondentium,
939 1016 998 1067 eii.
1056 1014 1083 1063 r.
1109 988 1263 1063 siftcier
1287 1007 1348 1056 to·

143 1090 253 1165 lurein
271 1087 475 1174 mutaverit,
503 1089 819 1185 sitrepidaveiint,
844 1114 915 1164 etc.
969 1112 1003 1184 3.
1028 1016 1164 1179 iudex,
1181 1104 1218 1157 et
1242 1099 1350 1174 recep·

147 1200 198 1261 ror
221 1190 391 1260 bonorum
416 1184 690 1277 publicatorum,
725 1210 870 1285 quorum
895 1186 954 1260 ille
980 1184 1079 1257 litem
1104 1182 1198 1253 inter
1230 1178 1352 1251 liscum

147 1303 185 1355 et
209 1280 385 1377 privator,
410 1278 566 1371 respestu
593 1284 786 1374 bonorum,
811 1282 963 1372 dirimit,
997 1279 1058 1351 hic
1081 1274 1214 1371 recipit
1241 1280 1353 1361 bona,

145 1376 290 1459 vendit,
332 1392 366 1443 et
399 1374 563 1469 pecunias
592 1375 791 1468 distribuit,
831 1376 937 1451 etiarn
968 1373 1198 1447 thesaurarius
1227 1366 1355 1443 dietus.

146 1492 182 1561 4.
207 1473 425 1559 Executortr,
446 1487 484 1541 et
511 1467 690 1564 officiales,
716 1474 776 1570 qui
800 1475 958 1545 mandate
983 1468 1230 1565 inquisitorum
1254 1462 1355 1539 eiise·

146 1584 317 1660 quuntur,
335 1586 413 1636 reos
436 1567 757 1660 comprehendunt,
779 1566 994 1642 custodiunt.
1018 1585 1091 1637 etc.
1140 1582 1178 1652 5.
1205 1562 1358 1654 Stipato-

144 1684 217 1748 res,
250 1659 309 1758 qui
336 1659 580 1755 Inquisitorem
604 1659 641 1735 in
674 1662 794 1737 officio
826 1658 1047 1759 exsequendo
1074 1658 1263 1752 adjuvant,
1293 1654 1362 1729 det

144 1755 315 1843 sendunt,
347 1773 385 1828 et
418 1754 651 1845 comitantur,
684 1759 790 1853 etiam
813 1752 1009 1853 sorniliares
1042 1751 1227 1848 adpellati,
1262 1748 1366 1847 quali

145 1874 191 1925 ex
216 1847 430 1948 inquisitoris
456 1849 603 1941 familia,
630 1870 668 1925 ut
693 1870 730 1924 et
751 1852 832 1925 alibi
857 1850 1090 1946 crucrsgnari,
1122 1846 1264 1923 ilibus.
1290 1848 1359 1921 Pe·

143 1947 190 2021 tri
217 1945 376 2044 martyris
391 1941 580 2039 scliolarrs,
612 1946 674 2044 qui
700 1968 839 2022 crucem
869 1950 905 2022 in
930 1948 1063 2019 extima
1086 1941 1185 2023 velle
1237 1942 1353 2017 raese-

144 2060 247 2132 runt,
285 2061 324 2114 et
348 2039 471 2113 armati
498 2041 676 2117 incedunt.
725 2048 759 2117 6.
784 2044 854 2116 Sed
886 2043 1053 2139 aquibus
1082 2039 1160 2113 sunt
1216 2034 1352 2113 istinsli

142 2137 394 2232 ciucefignati,
433 2159 454 2209 a
481 2138 673 2221 Dominico
694 2136 864 2226 instituti,
904 2139 984 2233 qui,
1017 2154 1105 2209 voto
1128 2134 1167 2207 in
1192 2135 1355 2209 manibur

140 2232 388 2330 Inquisitorum
424 2231 568 2323 emisso,
608 2236 642 2307 se
673 2233 716 2309 ad
753 2232 835 2308 fidei
864 2232 1058 2306 catholicae
1089 2226 1354 2321 desenfionem,

140 2352 220 2419 cum
245 2350 359 2399 rerum
385 2347 422 2397 et
445 2327 537 2398 vitae
561 2329 778 2416 discrimine,
804 2326 1074 2401 obstrinxerunt.
1122 2324 1351 2493 Quibutple·

140 2445 206 2495 nae
230 2420 578 2513 indulgentiae,cum
594 2423 713 2497 multia
729 2424 805 2497 aliis
819 2425 1035 2519 privilegiis,
1059 2418 1138 2494 sunt
1155 2443 1266 2495 conce
1294 2423 1348 2495 ae.

139 2512 261 2592 Postea
291 2536 400 2602 vero,
441 2536 523 2586 curn
553 2516 660 2589 armis
687 2515 730 2591 ad
770 2519 969 2594 haereticoi
1011 2515 1220 2611 subigendos
1259 2536 1349 2611 upon

140 2608 284 2707 amplius
318 2629 388 2680 non
421 2605 537 2698 esset,
577 2610 721 2687 militine
760 2614 899 2688 numine
927 2638 1008 2691 cum
1039 2612 1144 2686 armis
1165 2610 1348 2709 deposito,

141 2702 381 2799 nonnullisque
402 2704 543 2778 mutatis
567 2706 891 2799 constitutionibus,
918 2707 1106 2803 nuncupati
1138 2705 1218 2783 sunt
1239 2708 1285 2782 de
1306 2708 1346 2786 S.

139 2804 308 2881 Durnint'ri
327 2804 542 2893 poenitentia,
567 2824 605 2876 et
627 2825 756 2877 novam
783 2803 1035 2880 constituerunt
1059 2803 1277 2898 religionem.

188 2901 221 2999 s.
246 2898 428 2972 ccxvii.
453 2900 637 2989 Ceterum,
655 2900 811 2975 inmensa
825 2900 876 2973 est
898 2901 1145 2998 inquisitorum
1169 2898 1346 2994 potestte,

137 3002 268 3076 sumina
293 2990 371 3064 sunt
395 3014 517 3067 eorum
543 2997 751 3096 privilegia,
785 2998 942 3093 nullaque
965 2996 1083 3069 relidla
1107 2994 1159 3068 est
1181 2996 1348 3093 Regum,

137 3090 362 3184 Principum,
387 3104 446 3160 aut
474 3090 765 3186 Magistratuum,
794 3092 830 3166 iii
863 3094 950 3168 haec
970 3088 1154 3167 tribunalia
1174 3092 1349 3186 potestat,

135 3216 158 3268 ε
190 3203 316 3263 contra
345 3181 517 3278 obligatae
551 3186 627 3260 sunt
667 3187 856 3283 potestates
873 3189 1053 3262 :seculares
1077 3186 1120 3260 iia
1151 3210 1275 3260 maniis
1307 3192 1347 3264 in

135 3282 302 3364 omnibus
326 3280 514 3373 praebere,
531 3301 719 3380 eorumque
734 3284 875 3358 decreta
892 3284 1054 3379 exsequi,
1081 3301 1120 3356 ut
1135 3284 1264 3356 multae
1282 3285 1347 3360 Pa·

162 3401 258 3457 arum
288 3369 557 3449 constitutiones
589 3379 731 3451 docent.
781 3379 945 3475 Episcopi
979 3399 1110 3451 tantum
1148 3377 1262 3474 aliqua
1287 3379 1349 3454 ad·

133 3410 204 3556 buc
227 3470 378 3569 gaudent
405 3471 470 3544 liae
497 3489 595 3564 purte
621 3472 811 3568 potestate,
844 3499 922 3548 cum
948 3473 1076 3570 aliquid
1101 3472 1240 3547 seorsim
1268 3475 1346 3572 pos·

133 3575 220 3658 sint,
254 3588 321 3655 nec
345 3563 460 3639 omnia
485 3567 553 3640 sine
579 3568 621 3642 iis
643 3570 885 3666 Inquisitores:
911 3573 996 3644 licet
1020 3571 1144 3643 borum
1178 3568 1220 3646 stt
1243 3569 1346 3668 supe·

134 3672 207 3746 rior
232 3679 269 3734 et
292 3662 490 3755 praecipua.
541 3663 675 3762 Quibus
700 3666 788 3739 niliil
813 3669 951 3739 adtinet
977 3663 1152 3741 inmorari.
1201 3667 1347 3744 Possunt

135 3784 243 3849 vero,
278 3774 314 3828 ut
338 3755 497 3828 nonnulla
523 3778 646 3833 eorum
672 3759 853 3855 privilegia
879 3783 1090 3849 memorem,
1121 3763 1236 3838 edeta
1259 3788 1346 3841 con·

132 3886 185 3942 tra
200 3849 397 3932 haereticos
415 3850 606 3947 publicare,
625 3854 828 3928 sententiam
841 3858 1237 3949 excommunicationis,
1255 3883 1344 3959 quae

132 3961 237 4034 eiiam
263 3969 340 4021 cum
365 3932 534 4051 bonoruib
559 3948 808 4024 confiscatione
832 3954 1018 4049 conjunsla
1045 3953 1116 4040 est,
1154 3958 1346 4053 suspensio·

130 4057 204 4148 uis,
228 4067 264 4126 et
280 4041 462 4122 interdislt
482 4042 592 4139 sacri,
614 4044 711 4123 serre
719 4100 732 4143 ,
750 4070 831 4141 eos,
853 4051 897 4125 ad
913 4050 1099 4127 Ecclefiani
1115 4051 1201 4128 licet
1215 4055 1347 4166 consu·

1187 4168 1352 4249 greater,
