3022 4806
664 601 770 682 Serus.
800 602 887 680 XII.
1307 629 1374 723 ¹¹79

209 776 392 879 pxxrx.
426 779 566 855 Causam
591 777 663 852 duo
688 781 924 873 praebuerunt
948 777 1057 870 faux,
1094 804 1242 878 quorum
1268 809 1376 865 unum

166 873 371 971 superatori,
389 878 536 950 alterurn
555 877 688 970 Papae,
709 877 812 949 bilem
831 877 956 949 movit.
993 881 1175 973 inperator
1192 903 1297 976 aegre
1317 906 1374 959 tu·

161 970 199 1043 lit
219 970 354 1064 passum
387 974 498 1067 Papae
530 994 608 1044 cum
642 972 837 1044 erlrelmo
870 971 1009 1043 Siciliae
1043 997 1149 1071 rege,
1187 999 1292 1071 quem
1328 1003 1373 1056 ex

151 1065 249 1140 ltalia
282 1067 517 1141 meditabatur
552 1069 743 1162 expellere,
785 1070 819 1139 se
845 1067 951 1141 inscio
977 1067 1116 1143 initum.
1166 1072 1258 1165 Papa
1288 1097 1375 1148 vero

146 1160 302 1236 irritatus
336 1161 407 1252 est,
449 1163 541 1259 quod
570 1164 751 1257 luperator
775 1162 924 1236 offensas
957 1163 1170 1256 inhibuerit,
1209 1189 1254 1239 ne
1283 1170 1369 1244 ullus

142 1257 360 1354 Episcopus,
386 1255 704 1354 Archiepiscopus,
730 1279 789 1329 aut
807 1261 972 1332 Sacerdos
985 1261 1131 1355 aliquam
1153 1285 1172 1334 a
1194 1264 1372 1339 Pontifice

145 1372 293 1451 peteret
327 1354 578 1428 beneficiorum
610 1349 848 1441 collationem,
889 1355 1001 1427 ullave
1033 1356 1076 1427 de
1107 1354 1204 1431 caula
1235 1358 1368 1435 curiam

141 1449 262 1524 adiret
288 1448 499 1547 Romanam.
549 1448 726 1536 Accessit,
751 1452 841 1544 quod
867 1448 1045 1544 Eslryllus,
1069 1473 1139 1524 non
1162 1453 1373 1531 Londoneu·

136 1544 205 1633 fis,
231 1563 272 1617 ut
295 1545 386 1618 male
403 1544 439 1617 in
463 1543 591 1618 litteris
608 1544 779 1617 Hadriani
797 1545 946 1640 legitur,
975 1545 1029 1618 led
1058 1545 1267 1636 Lundensrs,
1295 1553 1368 1626 Ar.

138 1639 417 1735 cbiepiscopos‚
457 1640 637 1713 Danorum
672 1640 820 1727 Primas,
864 1659 903 1711 et
934 1639 1156 1735 Apostolicae
1186 1643 1275 1718 sedis
1305 1672 1370 1743 pes

139 1753 254 1809 rotam
283 1733 430 1809 Daniam
447 1734 617 1832 Legatus,
642 1753 680 1807 ut
703 1733 783 1832 post
808 1734 1030 1809 Sirmonrlum
1056 1735 1259 1813 observavit
1276 1744 1379 1840 Pagi‘

139 1831 183 1906 ad
204 1833 336 1906 Baron.
359 1853 390 1905 a.
420 1851 548 1921 1¹57·›
571 1853 591 1903 a
616 1826 695 1904 sede
724 1829 930 1925 Apostolica
959 1834 1134 1922 reversus,
1160 1832 1198 1906 in
1227 1836 1367 1911 Teuto-

140 1926 233 2001 nieis
253 1923 418 2024 partibus
441 1923 548 1998 fuerit
572 1942 715 2018 captus,
753 1944 791 1996 et
827 1927 865 2000 in
889 1924 1046 2000 custodia
1069 1931 1257 2020 detentus,
1291 1935 1368 2006 abs·

143 2041 272 2119 quent
297 2023 480 2115 Imperator
504 2019 577 2117 ejus
601 2018 831 2094 dimiffionem
863 2023 1008 2098 curarit:
1044 2026 1092 2097 uti
1118 2026 1210 2121 Papa
1239 2027 1275 2097 in
1302 2029 1362 2101 lit·

145 2116 231 2191 teris
256 2115 303 2190 ad
327 2117 568 2210 luperatorem
593 2115 831 2210 conqueritur.
860 2116 1024 2211 nScripsit
1049 2119 1143 2191 enim
1169 2121 1288 2193 animo
1304 2147 1366 2198 ex·

146 2211 298 2286 ulcerato
327 2208 460 2286 litteras
480 2209 522 2287 ad
548 2212 812 2308 luperatorem,
839 2233 921 2306 quas
945 2233 1026 2284 cum
1051 2212 1186 2287 duobus
1202 2217 1364 2312 legatis,

150 2306 305 2382 Rolando
331 2307 567 2393 cancellario,
591 2327 629 2380 et
657 2305 830 2379 Bernardo
855 2306 889 2378 S.
916 2307 1104 2381 Clementis
1121 2311 1356 2407 Presbytero,

95 2434 97 2461 ι
151 2401 255 2491 mifit,
289 2425 379 2499 quae
399 2403 613 2477 acrimoniae
637 2402 759 2498 plenae
776 2403 1014 2497 luperatorem
1031 2404 1259 2479 vehementer
1276 2432 1361 2484 exa·
1394 2413 1401 2422 ’
1501 2400 1508 2413 ’

150 2501 340 2574 cerbarunt.
388 2498 573 2573 lateralia
605 2497 723 2586 euim,
764 2515 822 2585 ut,
866 2498 1092 2593 quantumin
1116 2502 1362 2670 luperatorem

151 2592 366 2683 contulisset,
406 2592 439 2666 ei
465 2595 681 2670 intuentem
707 2611 910 2681 revocarer,
946 2594 1034 2669 dixit
1061 2599 1158 2692 super
1186 2618 1224 2670 us
1248 2600 1362 2697 Papa,

143 2690 373 2787 sssnpers'alis
399 2686 523 2781 infigar
547 2711 680 2766 coronae
708 2691 742 2760 in
765 2709 835 2760 sum
861 2688 1042 2786 courrlffl,
1084 2709 1116 2764 er
1142 2694 1223 2765 illud
1242 2697 1363 2789 beneft.

149 2789 188 2863 sii
208 2787 277 2860 luco
300 2781 362 2880 effe
382 2785 571 2859 babendum.
622 2781 726 2882 Quod
752 2779 885 2859 dietum
909 2786 1094 2879 luperator
1116 2808 1195 2860 cum
1220 2780 1357 2867 Princi-

167 2883 242 2960 ibus
266 2878 465 2970 intellexit,
489 2879 557 2953 acsr
582 2881 673 2975 Papa
696 2877 886 2956 iudicatum
915 2880 1086 2969 voluerit,
1112 2883 1358 2978 luperatorem

183 3001 251 3075 pae
277 2994 465 3073 acceptum
486 2974 578 3049 ferre
602 2975 728 3049 debere
754 2973 950 3067 inperium,
989 2977 1138 3074 illudque
1163 2979 1261 3054 velut
1275 2981 1359 3076 sert·

143 3075 210 3149 ium
233 3092 405 3146 teneres
430 3071 594 3145 Romana
616 3070 714 3157 sedes
740 3091 808 3142 nec
825 3065 897 3141 sune
917 3072 1072 3160 ratione,
1098 3070 1178 3170 quia
1203 3079 1358 3153 nonnul·

142 3169 187 3244 los
210 3169 455 3243 Romanorum
488 3168 600 3264 palam
632 3165 789 3238 adserere
814 3161 926 3260 ipsum
958 3191 1028 3241 non
1060 3169 1208 3259 latebit,
1246 3173 1356 3265 lupe·

142 3267 230 3341 rium
258 3261 376 3352 urbis,
401 3280 439 3335 et
456 3261 622 3359 Regnum
642 3260 823 3346 Italicum,
848 3260 1036 3336 donatione
1053 3264 1263 3340 Pontificum
1281 3270 1356 3344 Re·

223 3357 398 3435 haetenus
423 3354 626 3467 poliediffe,
652 3377 722 3428 uec
744 3354 848 3428 dietis
874 3374 1007 3430 tantum
1032 3359 1206 3450 proferre,
1234 3364 1291 3439 sed
1315 3385 1355 3440 et

140 3384 296 3555 {cerliptig
329 3473 372 3528 ac
397 3450 557 3550 prount,
583 3452 862 3548 repraesentare:
890 3453 997 3548 qualis
1023 3453 1092 3528 fuit
1116 3456 1220 3529 etiam
1244 3460 1355 3553 pieru-

140 3574 178 3628 ιι
200 3554 241 3626 ab
263 3551 480 3625 Innocentio
502 3549 549 3621 ll.
574 3545 611 3620 in
640 3546 763 3641 palatio
782 3548 1002 3623 Lateranensr
1028 3549 1156 3645 posita:
1181 3554 1279 3651 cujus
1297 3558 1353 3632 su·

217 3648 279 3724 sno
300 3648 385 3720 loco
408 3640 568 3719 memini.
618 3640 792 3732 Adcelllt,
830 3643 1060 3718 contentione
1088 3645 1157 3720 hac
1186 3650 1284 3743 super
1311 3677 1352 3729 re

139 3763 230 3827 snter
250 3739 435 3837 Principes
457 3759 496 3815 et
512 3741 665 3832 Legatos
680 3755 777 3824 orta,
806 3735 931 3836 dixisse
954 3742 1098 3814 alterum
1116 3743 1351 3841 Legatorum,

139 3865 237 3937 equo
263 3841 370 3935 igitur
393 3838 518 3946 labes,
546 3832 582 3928 st
606 3858 628 3907 a
651 3833 788 4001 prurigo
819 3833 1153 4006 Pttsippiengrgggrrbleasr
1169 3841 1351 4011 ,Iggffss'g'
1472 3868 1475 3876 ·

138 3931 1027 4196 &imizamPtirotmglnlr'lailtinenx}rtgmisegatumj
1041 3988 1245 4195 oceid'illlet,
1286 4031 1350 4106 nisr

756 4143 783 4214 4
1181 4143 1349 4220 sperator
