3022 4806
127 603 202 681 ⁴04
519 561 671 666 Historia
691 554 820 666 Ectlsfi
830 565 960 665 slsis.

132 766 216 837 tum'
233 775 280 830 ex
303 744 573 857 confessionibus
596 768 638 822 ac
662 742 756 822 libris
771 746 939 838 wiclefi,
964 746 1006 823 iu
1019 745 1141 848 primis
1162 747 1355 845 Trialogo,

133 857 195 933 seu
229 851 445 946 dialogorum
478 845 595 952 utris,
616 843 676 941 qui
700 841 762 919 suli
785 842 923 920 exstant
944 844 1083 921 latine.
1133 845 1221 945 Vid.
1249 848 1352 939 etiam

134 954 169 1053 J.
203 950 355 1043 Lewys,
390 943 451 1041 qui
485 939 665 1014 osannae
698 939 773 1036 ejus
802 939 1029 1052 explicandae
1059 940 1182 1017 utilem
1217 939 1352 1016 navarit

135 1034 623 1236 ll‘llznf'llllililse
647 1058 838 1238 snalff,
851 1035 1136 1242 ‚lslttfflll
1164 1038 1349 1223 inst:

136 1234 218 1313 sunt
247 1232 441 1329 sequentes.
495 1249 528 1302 1.
552 1226 621 1298 Pro
654 1246 757 1299 uruca
776 1224 863 1299 fider
886 1245 925 1302 et
948 1228 1128 1327 religionis
1151 1229 1350 1303 normula·

138 1337 242 1410 betur
272 1323 450 1418 Scriptura
475 1322 532 1410 8.,
557 1318 698 1418 rejean
723 1321 987 1415 traditionibus,
1012 1342 1049 1398 et
1074 1326 1226 1400 decretis
1249 1327 1348 1420 Papa·

137 1449 216 1502 rum
240 1443 282 1534 ac
298 1418 553 1531 synodorum,
579 1438 600 1488 a
624 1418 807 1515 Scriptura
829 1421 864 1494 S.
890 1419 1170 1533 discedentibus·
1217 1418 1348 1533 apul·

138 1510 1350 1707 ‘titltlsllf‘tt’sitllt‘pllntllffltllatnlztt

136 1641 255 1790 fertur
273 1706 373 1784 ritus.
422 1727 456 1799 3.
480 1705 702 1778 Sacramenta
716 1722 850 1778 tantum
865 1707 939 1778 duo
950 1704 1207 1797 admittuumr,
1226 1709 1271 1782 ba
1296 1703 1349 1781 tis·

139 1827 238 1897 mus,
270 1823 308 1879 et
333 1796 566 1888 Eucharistia,
597 1796 739 1893 reliquis
763 1797 972 1896 repudiatis:
1004 1798 1157 1877 infintes
1179 1802 1259 1878 line
1316 1824 1349 1898 p·

139 1903 248 1980 tismo
284 1916 441 2004 mortuos
471 1909 658 2004 propterea
689 1891 921 1968 damnarint
968 1915 1034 1972 tur.
1078 1918 1115 1988 4.
1150 1898 1192 1973 ln
1220 1899 1350 1974 Eucha-

142 1997 242 2076 tillia
261 1991 462 2093 agnoscitur
487 1987 629 2086 quidem
655 2008 740 2062 vere
763 2010 891 2087 corpus
914 1917 1067 2084 diatim,
1099 1992 1159 2067 sed
1184 1992 1276 2069 salva
1298 2016 1349 2068 na·

34 2119 39 2131 ·
144 2114 224 2170 turn
246 2085 375 2260 panis,
400 2086 557 2183 adeoque
587 2082 686 2183 pauit
715 2080 841 2159 dicitur
861 2082 1052 2180 figuraliter
1074 2103 1111 2162 et
1134 2088 1259 2187 typice
1281 2110 1349 2164 cot·

141 2213 208 2291 pus
277 2180 388 2261 inisti.
446 2181 525 2285 Qua
561 2202 662 2276 parte
695 2177 886 2255 dodlriuasu
918 2180 1066 2256 Wicltfi
1103 2182 1350 2260 inclusionem

142 2281 314 2385 protraxit
344 2282 456 2355 lucem
486 2275 660 2350 L'Ensant
689 2277 711 2350 l
743 2275 807 2350 cit.
855 2296 890 2365 5.
916 2275 1022 2349 Ritus
1046 2276 1277 2372 baptismnet
1298 2301 1347 2352 tu·

139 2374 327 2456 charistiae
346 2372 477 2460 additi,
502 2371 541 2444 in
564 2371 586 2442 s
646 2370 680 2443 ie
703 2369 870 2459 chrisma,
893 2372 1136 2463 confirmatio,
1164 2373 1346 2471 pauisado-

139 2471 231 2550 ratio
243 2488 332 2558 etc.,
375 2466 475 2539 artim
492 2463 582 2537 inuti
597 2488 655 2554 es,
674 2463 800 2562 partim
815 2466 1048 2560 idololatrici,
1063 2469 1284 2547 declarantur.
1308 2473 1340 2540 6.

141 2563 294 2646 Ordines
363 2558 527 2647 cclefiae,
566 2578 706 2652 practer
735 2562 964 2658 presbyteros
995 2583 1032 2637 et
1062 2565 1250 2657 diaconos,
1283 2585 1345 2658 pto

139 2666 296 2742 humano
331 2657 501 2730 habentur
539 2651 706 2742 invento,
753 2675 791 2727 et
830 2656 1035 2734 Antichristi
1075 2661 1271 2756 mancipiis.
1313 2682 1345 2753 7.

144 2757 298 2838 Ordines
327 2749 578 2840 Monathales,
604 2748 640 2823 iu
696 2750 793 2823 rimis
815 2751 1108 2844 mendicantium,
1135 2757 1348 2832 damnantur.

146 2867 180 2941 8.
214 2855 306 2950 Papa
335 2851 513 2924 Romanus
544 2867 617 2920 non
648 2774 699 2919 ed
730 2844 860 2921 Christi
892 2846 1063 2939 vicarius,
1096 2851 1219 2949 potius
1252 2849 1348 2926 Anti·

143 2947 314 3035 christus,
346 2964 383 3019 et
416 2940 623 3039 potestatem
653 2941 789 3040 accepit
812 2964 831 3012 a
855 2942 1060 3020 Caesaribus
1102 2947 1345 3022 Antichristu-

142 3043 244 3123 nismi
272 3040 407 3139 lignum
438 3039 547 3112 etiam
576 3037 719 3132 ponitur
740 3041 779 3112 in
800 3038 959 3112 dominio
985 3044 1184 3137 temporali.
1232 3045 1345 3119 Ecclt·

142 3141 190 3218 fia
216 3158 323 3232 porro
347 3136 507 3210 Romana
529 3155 601 3209 non
623 3131 674 3206 est
698 3134 913 3223 universalis,
938 3156 975 3208 et
998 3136 1155 3233 suprema
1177 3138 1269 3214 inter
1291 3137 1347 3213 Ec·

141 3235 272 3314 ctesias.
320 3253 356 3325 9.
381 3228 577 3326 Proprietas
605 3250 720 3303 rerum
751 3249 789 3302 et
822 3231 991 3306 bonorum
1021 3255 1043 3306 a
1072 3234 1219 3309 Clericis
1250 3235 1301 3310 est
1320 3252 1347 3306 a

141 3333 251 3420 liena,
293 3351 350 3405 10.
374 3324 583 3403 Oolutiones
607 3346 671 3420 pro
696 3325 861 3412 mortuis,
891 3327 1150 3422 purgatorium,
1177 3329 1352 3425 iujundlae

141 3425 404 3526 poenitentiae,
428 3419 659 3497 conseffiones
692 3420 915 3512 auriculares,
948 3424 1183 3501 Praelatorum
1212 3449 1346 3501 excom·

141 3519 415 3608 munitationes,
439 3537 477 3590 et
495 3515 673 3612 quaesunt
692 3516 810 3592 similia
831 3519 918 3609 alia,
940 3518 1160 3614 rejiciuntur,
1210 3522 1348 3609 Verbo,

142 3617 260 3696 omnia
292 3614 407 3690 coluit
437 3609 616 3687 Wiclefus
644 3609 691 3686 ad
718 3613 906 3708 simplicem
938 3615 1135 3714 Scripturae
1157 3616 1347 3694 dodlrinam

144 3711 326 3798 revocari,
358 3727 396 3783 et
419 3725 531 3781 totam
554 3707 741 3782 Ecclesiam
764 3708 1006 3784 dominantem
1038 3710 1233 3791 reformati.
1282 3710 1348 3786 Sed

144 3807 260 3892 notari
283 3822 458 3892 meretur,
483 3823 562 3874 eum
587 3801 658 3877 huc
681 3824 752 3877 nou
768 3801 830 3877 nisi
847 3825 911 3900 per
927 3808 1049 3902 gradus
1066 3806 1221 3902 venisse,
1244 3809 1342 3885 adeo·

139 3930 209 4008 que
238 3902 367 3978 mirum
392 3920 462 3971 non
486 3893 575 3987 effe,
605 3899 769 3972 nonnulla
799 3898 838 3973 iu
873 3900 949 3995 ejus
980 3901 1117 3999 scriptis
1144 3925 1343 3993 occurrere,

132 3992 581 4114 praenuntiationum
612 3991 895 4095 propositionum
935 3997 1216 4095 contradictum
1247 4023 1348 4168 ⁹¹¹¹}ss

202 4145 208 4154 ·
822 4146 831 4161 -
1266 4114 1300 4171 te
