3022 4806
549 704 557 719 ῃ
633 607 744 689 Secti·
771 609 880 692 xiii.
1303 638 1374 715 177
1405 643 1408 648 ¹

143 785 276 885 gestari
299 784 528 882 permittebat
549 808 677 864 crucem
701 811 835 863 auream
861 783 898 859 in
925 783 1082 860 sublime.
1121 783 1268 881 Scripsit
1294 794 1367 868 col·

140 881 308 957 leiianea
328 882 545 973 Bibliorum,
570 903 608 956 et
631 882 898 959 constitutiones
913 904 982 973 47,
1001 881 1046 954 de
1064 881 1165 955 vatio
1181 905 1366 979 argumen·
1487 883 1488 887 '

141 998 197 1123 to.
229 976 393 1142 [Roglerus
412 979 543 1087 Boeoto,
568 979 596 1049 F
597 979 833 1068 remistanus,
851 977 1365 1146 eczornamegrtlnmdlierlitanniae

140 1092 408 1276 diio’nffni'di
427 1075 1290 1278 ei‘iieiiaiii·nrssiniin'i'siu‘e'‘addi’,
1318 1101 1363 1248 ’ἑὲ

144 1263 353 1337 mirabilium
377 1281 555 1357 patrator,
585 1266 664 1359 plus
695 1287 762 1338 una
788 1263 870 1337 vice
893 1281 1084 1358 propterea
1115 1286 1251 1359 magiae
1281 1287 1389 1345 reus*
1452 1292 1456 1305 ·

143 1356 265 1449 aiios,
287 1357 394 1430 etiam
418 1356 455 1429 in
477 1379 655 1434 carcerem
682 1360 879 1456 conjectos,
903 1356 980 1454 ipso
999 1357 1154 1434 Nicoiao
1173 1360 1363 1439 innan·

142 1454 269 1544 dante,
293 1453 446 1547 pulveris
469 1475 606 1551 quoque
629 1457 731 1553 pyrei
755 1454 936 1528 materiam
963 1469 1000 1524 et
1033 1455 1104 1526 vim
1136 1452 1266 1530 dicitur
1299 1468 1360 1533 de·

141 1547 284 1636 texiffe,
327 1545 478 1641 scripsit,
518 1569 658 1644 praeter
691 1549 853 1645 epistolas
886 1545 1025 1648 seorsim
1059 1548 1189 1636 editas,
1224 1555 1359 1630 mathe-

141 1646 271 1719 matica
292 1650 335 1715 et'
354 1642 531 1733 chemica,
560 1668 646 1738 quae
669 1643 836 1740 prostant.
886 1646 975 1734 Opus
1010 1643 1104 1737 ejus,
1139 1647 1250 1739 majus
1281 1651 1359 1725 dic·

142 1750 237 1829 tnm3
261 1737 374 1812 edidit
407 1738 525 1833 stepn
559 1741 682 1834 Jebb.,
701 1739 838 1813 Dotion
864 1736 1060 1811 medicinre
1082 1740 1151 1815 hoc
1182 1743 1249 1816 sec.
1275 1768 1357 1821 eum

140 1836 280 1910 erudita
301 1831 539 1928 praefatione,
573 1855 610 1907 et
636 1833 742 1910 notis.
794 1836 833 1907 In
866 1833 938 1906 fine
974 1832 1076 1908 secali
1110 1837 1258 1910 celebris
1289 1841 1358 1916 fuit

136 1931 328 2007 meinos
361 1928 398 2001 dt
431 1930 649 2019 Medioviila,
689 1930 749 2003 seu
780 1929 988 2018 Midleton,
1028 1948 1065 2001 et
1097 1929 1169 2026 ipse
1203 1932 1355 2028 Anqus,

141 2028 276 2105 ordinis
307 2023 587 2114 Minotitatum3
626 2023 685 2122 qui
718 2025 847 2098 Oxonii
879 2024 1019 2110 docuit,
1062 2026 1251 2119 adpellatus
1273 2031 1357 2120 soli·

139 2125 199 2197 dns
232 2141 272 2196 et
301 2118 483 2217 copiosus,
526 2122 632 2194 etiarn
666 2121 877 2203 anthemium
915 2137 1016 2189 autor
1037 2118 1353 2216 Quodlibctt‘corum,

144 2221 279 2317 dequo
300 2238 398 2288 mox.
449 2215 610 2309 Scripfit,
636 2235 777 2310 praeter
799 2209 1047 2285 commentaria
1075 2213 1112 2285 in
1136 2213 1353 2309 scripturam

146 2314 201 2406 3.,
223 2334 262 2388 et
293 2312 334 2386 in
369 2308 580 2407 Magistrum
609 2306 888 2400 Sententiarum,
917 2304 1114 2408 Quodlibeta
1141 2307 1353 2409 Theologica,

147 2416 192 2489 80
211 2405 429 2505 quaestiones
453 2405 644 2500 complexa.
1093 2438 1096 2442 ⁴
1480 2459 1482 2463 »

154 2503 220 2604 ’5.
244 2503 354 2578 CLll.
385 2500 482 2595 Hago
519 2501 558 2573 de
587 2502 624 2574 S.
662 2502 764 2588 Caro,
804 2495 916 2597 patria
954 2494 1174 2594 Delphinas,
1218 2500 1351 2580 ordinis

143 2599 439 2690 Praedicatorum,
461 2595 597 2670 notior
623 2594 833 2685 Parisrensrs,
859 2613 896 2667 et
915 2593 1048 2665 ordinis
1070 2591 1350 2678 Praedicatoroni
1378 2608 1381 2612 ’

143 2692 395 2781 Provincialis,
429 2690 589 2787 denique
622 2690 814 2766 cardinalis
847 2692 888 2762 ab
922 2711 952 2763 a.
988 2708 1124 2778 1245.,
1166 2688 1351 2770 defundes

144 2817 172 2869 a
197 2796 331 2881 mon,
356 2787 621 2860 celeberrimum
636 2784 788 2861 reddidit
806 2806 937 2860 nomen
956 2780 1067 2890 suum·
1075 2802 1141 2876 per
1156 2791 1351 2890 concordan-

141 2886 206 2964 t'iar
240 2904 281 2960 et
312 2881 490 2981 roseilon
522 2903 663 2977 quarum
697 2881 769 2956 init
796 2899 907 2953 autor.
956 2878 1194 2950 Concrnnavrt
1225 2903 1348 2961 autem

142 2974 430 3061 concordantiam
454 2996 583 3050 vocum
615 2974 871 3067 declinabilium
897 2975 939 3046 ad
960 2969 1073 3045 'Biblia
1098 2971 1241 3066 Latina,
1263 2978 1349 3056 iocis

142 3066 347 3176 {impliciter
370 3095 433 3170 per
458 3071 574 3146 librum
597 3091 634 3145 et
657 3091 753 3168 capnt
778 3069 959 3156 indicatis,
986 3063 1057 3139 fine
1083 3064 1259 3163 versibus,
1284 3072 1345 3153 sed

139 3175 312 3274 capitibus
325 3171 363 3243 in
387 3168 520 3265 septem
545 3166 674 3260 primae
695 3168 828 3240 litteras
850 3161 1041 3260 Aiphabeti
1077 3160 1217 3256 divisis3
1240 3169 1348 3245 adeo.

141 3295 206 3370 qne
231 3287 271 3344 et
293 3266 368 3362 ipse
388 3286 455 3361 pro
480 3281 599 3337 autore
622 3261 798 3338 divisionis
823 3260 1024 3356 Scripturae
1048 3254 1086 3330 in
1118 3263 1228 3352 capito
1257 3267 1350 3342 ceie-

137 3371 268 3456 bratur.
318 3354 544 3455 Adpeiiant'ur
569 3357 837 3430 concordantiae
867 3357 901 3430 S.
926 3352 1068 3447 Jacobs,
1103 3355 1181 3447 quia
1215 3358 1349 3458 Hngo,

140 3466 266 3539 domne
290 3456 528 3552 San-jannae
554 3452 653 3526 Prior
678 3449 832 3540 Parisiis,
866 3446 1133 3544 cognominatus
1155 3448 1206 3523 est
1232 3455 1345 3553 Hugo

135 3548 190 3635 ,ὃς
210 3560 244 3633 S.
272 3552 416 3653 Jacobo.
448 3545 589 3635 Postea,
621 3565 660 3635 ut
685 3545 1010 3619 concordantiarom
1032 3540 1206 3639 historiam
1235 3559 1348 3630 verbo

137 3655 293 3741 tradam,
326 3651 402 3718 loca
425 3665 497 3714 non
522 3659 656 3714 tantum
683 3639 854 3727 indicata,
895 3640 953 3712 sed
988 3657 1159 3712 commata
1190 3642 1349 3744 integra,

138 3744 247 3827 'etiam
277 3742 440 3840 longiora
472 3736 684 3834 aliquando,
724 3734 895 3826 descripta
925 3734 1014 3808 sunt.
1066 3732 1171 3832 Quod
1202 3741 1348 3821 aiterum

138 3834 193 3924 cst
226 3831 557 3920 concordantiarum
593 3856 730 3929 genus,
777 3855 797 3904 a
832 3830 995 3904 fratribus
1025 3829 1267 3911 Dominicanis
1304 3842 1349 3914 de

136 3941 291 4037 Anglia,
306 3936 345 4010 in
363 3929 490 4006 eodem
508 3928 686 4022 gymnasio
703 3927 943 4025 San-Jacobeo
956 3923 1185 4016 studentibus,
1205 3932 1351 4008 adorna.

138 4046 222 4127 tum
243 4059 273 4109 a.
298 4051 408 4132 ¹250·
458 4021 614 4121 decedit
654 4020 777 4123 postea
810 4026 955 4119 tertium¹
973 4041 1104 4120 genus,
1135 4021 1354 4137 longiorioue

136 4214 143 4239 Ι
182 4126 283 4231 ‚fon
304 4126 369 4207 VI.
729 4116 760 4195 Z
1219 4119 1357 4204 scilicet
