3022 4806
588 672 694 749 Serus.
722 671 811 747 XII.
1234 691 1304 751 m

80 870 234 946 quorum
260 847 375 947 aliqua
399 847 508 926 danda
532 849 583 926 est
611 848 749 926 notitia.
790 848 1007 948 Hospitalorli
1030 870 1160 923 nornen
1188 868 1302 924 traxe·

82 963 171 1019 runt
199 947 242 1020 ab
267 946 481 1040 hospitalis.
506 949 677 1045 Jobanm's
703 947 977 1045 Hierosolyma,
1003 948 1101 1042 cujus
1127 946 1213 1019 ltaec
1236 945 1302 1020 fuit

86 1040 215 1137 origo,
242 1061 281 1115 ut
304 1040 495 1117 Gulielmus
512 1045 643 1142 Tyrius
665 1046 688 1118 l.
713 1044 854 1117 XVllL
879 1065 916 1118 et
942 1046 1094 1141 Jacobus
1119 1042 1162 1113 de
1188 1041 1303 1116 Vitri-

86 1160 155 1212 aco
190 1135 268 1210 hill„
303 1138 480 1215 Hierosol.
515 1161 545 1213 c.
578 1146 637 1232 64.
682 1160 840 1229 nmrant,
879 1141 952 1214 vid.
992 1140 1095 1213 etiam
1127 1136 1305 1211 Humber·

90 1255 179 1319 tus,
217 1234 484 1308 Praedicatorum
518 1234 680 1333 magister
713 1234 872 1331 quintos,
900 1235 937 1310 in
972 1235 1119 1310 traslatu
1148 1235 1186 1306 dt
1217 1232 1305 1306 mods

88 1331 370 1426 praeostendendo
387 1330 651 1425 serenonesxetc.
676 1330 737 1404 lib.
763 1329 810 1405 ll.
835 1353 866 1404 c.
892 1355 973 1427 35„
999 1330 1059 1406 ubi
1085 1328 1123 1404 in
1142 1329 1210 1427 seq.
1237 1329 1304 1403 eti·

91 1448 150 1498 am
175 1425 222 1496 de
247 1425 323 1498 aliis
349 1428 529 1500 ordinibus
555 1425 646 1522 agit,
673 1423 782 1500 exstat
812 1424 850 1500 in
880 1429 968 1502 Bibl.
1002 1428 1059 1501 M.
1093 1426 1185 1500 Patr.
1217 1446 1304 1499 tom.

91 1519 215 1594 XXV.
265 1522 351 1592 Corn
377 1521 679 1616 Hierosolymam
714 1519 885 1617 potestate
915 1523 1002 1599 effer
1035 1525 1306 1612 Saracenorum,

90 1612 194 1689 multi
208 1634 325 1689 autem
342 1640 386 1690 ex
403 1617 620 1707 Occidente,
640 1617 713 1692 srve
728 1637 959 1706 mercaturae,
986 1618 1057 1691 five
1077 1617 1307 1709 devotionis,

94 1734 204 1807 ergo,
229 1735 303 1784 eam
321 1713 521 1803 visitarent,
545 1715 785 1807 Amalphitani
801 1734 1031 1801 mercatores,
1055 1712 1114 1809 qui
1132 1714 1310 1786 Norman·

97 1807 137 1883 ni
164 1825 286 1897 erant,
308 1807 452 1883 licentia
479 1833 499 1883 a
527 1809 670 1903 Calipba
695 1809 879 1907 Aegypti,
911 1817 969 1884 cui
998 1830 1081 1883 tunc
1106 1810 1267 1902 regiones
1289 1826 1310 1883 s

96 1901 295 1976 Laodicaea
320 1904 443 2001 Syriae
469 1905 715 1980 Alexandriam
731 1911 846 2002 -ulque
873 1909 1063 1999 parebant,
1105 1907 1309 1987 muneribus

97 2019 135 2070 et
168 1998 307 2072 tributis
335 1998 537 2095 inpetrata,
579 1999 844 2074 construxerunt
875 2000 1131 2094 Hierosolymis
1162 1998 1312 2073 Ecclesi-

100 2115 191 2183 am,
234 2092 371 2191 inquo
403 2095 567 2169 Latinum
599 2096 814 2171 celebrarent
845 2094 1026 2186 officium,
1059 2118 1169 2190 prope
1201 2091 1313 2189 sepul·

99 2191 226 2262 chrum
255 2188 422 2281 Domini,
454 2188 641 2265 sitlans
668 2193 804 2264 alariae
829 2193 866 2262 de
895 2190 1042 2280 Latina,
1069 2192 1104 2261 in
1140 2192 1312 2264 bonorem

128 2283 237 2381 uippe
266 2283 427 2374 Mariae,
460 2287 579 2360 matris
603 2284 769 2373 Domini,
803 2306 890 2381 quae
916 2284 1044 2358 Abbati
1068 2302 1103 2356 et
1125 2282 1316 2360 tronaehie

100 2308 235 2454 inlinis
262 2378 314 2453 est
339 2382 477 2455 tradita.
526 2380 593 2456 Cui
615 2405 700 2455 mox
716 2382 862 2454 alterum
890 2381 1028 2454 accellit
1047 2378 1314 2473 monasterium,

101 2477 138 2549 in
180 2476 351 2549 honorem
386 2477 526 2550 Mariae
560 2478 819 2572 Magdalenae,
860 2475 1083 2572 excipiendis
1114 2474 1318 2552 mulieribus

100 2570 301 2669 peregrinis
334 2571 568 2658 destinatum,
601 2571 639 2646 in
674 2595 744 2668 quo
767 2569 1037 2646 sanninoniales
1070 2571 1316 2669 hospitalariae

101 2669 186 2743 sunt
210 2667 410 2742 collocatae.
462 2667 636 2741 Confluxu
660 2665 788 2741 deinde
817 2668 1117 2764 peregrinantium
1152 2672 1315 2744 crescen-

104 2785 163 2851 te,
196 2763 351 2837 Abbates
376 2783 413 2836 et
439 2763 611 2837 Monachi
636 2762 811 2837 Ecclesiae
842 2765 977 2836 Mariae
1003 2763 1046 2834 de
1074 2765 1199 2848 Latina
1230 2784 1317 2839 con·

103 2858 292 2947 diderunt‚
311 2857 349 2931 in
374 2861 471 2932 nsum
496 2859 714 2932 infirmorum
735 2877 769 2930 et
789 2881 1002 2954 egenorum,
1020 2859 1158 2954 aliquod
1177 2860 1319 2954 hospito-

104 2957 135 3029 le
160 2954 199 3027 in
225 2953 395 3030 bonorem
429 2953 620 3052 Jolrannis,
653 2954 726 3028 srve
761 2953 1044 3049 eleemosynarii,
1078 2956 1135 3050 qui
1169 2956 1320 3031 Patriar·

103 3052 168 3123 clra
202 3047 272 3121 fuit
305 3051 582 3137 Alexandrinus,
626 3068 663 3122 ut
694 3069 833 3123 autores
857 3049 957 3123 citati
988 3048 1185 3141 testantur,
1225 3052 1319 3145 five,

105 3143 199 3243 quod
232 3144 378 3240 Equites
415 3143 626 3241 hospitalarii
661 3146 901 3232 contendunt,
944 3165 980 3218 et
1009 3146 1082 3220 asia
1113 3148 1223 3243 aliqua
1255 3173 1318 3244 pu·

103 3242 197 3315 blica
230 3241 479 3330 donationum,
514 3241 583 3312 boc
606 3238 721 3315 seculo
745 3239 904 3336 hospitali
939 3239 1128 3332 saetarum,
1172 3246 1321 3337 liabent,

107 3336 278 3435 johannis
304 3335 500 3433 Baptistae:
531 3335 622 3433 quod
647 3336 731 3409 tanti
756 3360 827 3411 non
856 3333 916 3408 est.
966 3336 1047 3435 Quo
1076 3339 1111 3409 in
1145 3337 1231 3412 statu
1265 3364 1321 3414 res

105 3429 309 3506 manserunt
352 3430 457 3527 usque
496 3433 539 3506 ad
588 3454 725 3527 captam
777 3455 797 3503 a
841 3430 974 3504 Latinis
1030 3432 1321 3530 Hierosolymam,

108 3524 258 3630 Quando
307 3527 480 3602 Gerardus
518 3525 672 3619 aliquis,
714 3527 775 3622 qui
808 3528 845 3598 in
876 3527 1037 3622 hospitali
1079 3529 1138 3601 sub
1182 3535 1322 3607 Abbate

106 3620 286 3698 Ecclesiae
307 3624 448 3697 Mariae
463 3621 736 3709 ministraverat,
764 3642 800 3694 et
814 3623 1030 3695 xenodochii
1052 3624 1212 3719 magister
1229 3647 1326 3721 erat»,

102 3718 267 3797 adsumtis
294 3719 379 3793 viris
403 3718 590 3817 religiosis,
624 3718 663 3792 in
687 3718 840 3792 animum
876 3718 1035 3810 induxit,
1068 3721 1225 3796 habitum
1259 3725 1327 3798 sus·

101 3816 228 3908 cipere
255 3814 476 3912 religiosum,
501 3814 641 3912 seseque
665 3834 779 3889 certae
802 3811 1015 3910 adstringere
1050 3840 1211 3912 regnae,
1237 3819 1328 3891 sum·

107 3931 144 3986 ta
167 3931 273 3985 cruce
306 3913 402 4000 alba,
438 3908 596 3985 vestibus
625 3910 780 3984 exterius
821 3908 978 4000 intexta,
1020 3926 1179 4009 tanquam
1220 3913 1329 4008 signe.

110 4006 264 4101 Operam
298 4026 419 4080 autem
455 4004 524 4080 viri
559 4003 597 4081 hi
629 4004 783 4101 religiosi
814 4008 1027 4080 collocarunt
1070 4007 1106 4080 in
1138 4011 1257 4104 egenis
1287 4031 1332 4085 ac

110 4101 268 4203 aegrotis
297 4100 543 4198 sublevandis,
583 4098 797 4203 subjettique
830 4120 929 4179 erant
959 4103 1093 4185 Abbati
1122 4104 1157 4178 S.
1189 4103 1333 4180 Mariae

689 4196 772 4292 0'4
1291 4201 1341 4284 de
