3022 4806
1259 39 1411 429 ΙΙ

989 454 999 465 .
1141 450 1146 461 n

580 596 689 673 secut.
715 592 815 669 XVI.
832 680 849 703 ρ
916 606 921 617 ’
995 679 997 683 ,
1234 623 1325 715 557,

93 794 155 852 me
179 771 328 848 leuatur
353 771 498 849 sensum.
549 770 750 848 Catholicus
770 771 873 853 licet,
899 773 1059 845 nonnulla
1080 773 1224 866 protulit
1242 779 1307 851 mi.

93 895 159 946 nus
184 870 382 955 catholica,
408 893 495 966 quae
520 869 696 942 censuram
722 885 908 965 propterea
936 869 1132 956 subierunt,
1161 893 1225 945 nec
1241 876 1302 948 de·

93 965 192 1052 lunt,
219 965 278 1060 qui
302 964 355 1036 illa
381 987 401 1034 a
425 963 698 1037 Protestantibus
722 966 822 1039 fuill'e
847 965 1029 1057 notieejua
1044 964 1188 1044 inserta.
1214 991 1301 1042 con·

93 1061 267 1147 tendunt3
293 1058 365 1132 srne
397 1058 506 1132 solido
539 1059 775 1135 fundamento.
828 1058 905 1151 lpse
941 1058 1115 1152 Dupiniut
1147 1060 1301 1157 fatetur,

93 1151 329 1231 Sorbonensea
354 1176 400 1228 ex
427 1153 592 1250 inperitia
618 1153 776 1250 linguae,
801 1174 838 1227 et
863 1153 976 1226 nimio
993 1157 1088 1240 zelo,
1113 1177 1212 1231 notas
1227 1160 1303 1233 illae

93 1249 346 1327 condemnasse.
372 1274 376 1279 ·
398 1250 539 1323 Versati
567 1272 745 1346 praeterea
769 1253 805 1323 in
829 1248 1035 1344 Judaeorurn
1060 1249 1198 1344 scriptis
1222 1255 1298 1327 fue·

93 1364 174 1419 runt
190 1344 389 1435 Portlretus,
412 1346 552 1442 ejusque
574 1346 760 1439 plagiarius
784 1346 900 1416 Petrus
931 1346 1127 1434 Calatinus,
1154 1349 1199 1419 de
1227 1374 1311 1445 quo,

93 1440 167 1516 vid.
196 1442 363 1514 Morinos
383 1442 420 1511 da
441 1457 551 1514 tentus
575 1441 719 1515 Hebraei
732 1440 948 1532 steterumt,
972 1442 1030 1513 lib.
1050 1441 1078 1513 l.
1104 1441 1299 1518 Deludavit

93 1536 197 1611 eham
212 1537 247 1608 in
265 1533 376 1608 studio
390 1535 578 1619 Hebraeo,
597 1557 634 1609 et
654 1537 918 1623 Rabbinurum,
937 1536 1298 1615 GilbarlusGenebrar·

93 1632 170 1722 hs,
194 1653 239 1704 ex
264 1630 419 1705 Avernia
442 1630 627 1717 oriundus,
652 1632 945 1727 Archiepilcopus
973 1632 1141 1726 Aquensis
1159 1633 1195 1706 in
1213 1638 1298 1711 Pro·

93 1726 237 1815 vincia,
269 1744 306 1798 et
335 1727 371 1800 S.
401 1724 590 1801 litterarum
620 1724 798 1800 Prolessor
833 1725 1042 1813 Parisrensra,
1075 1748 1233 1802 mortuui
1264 1756 1296 1808 a.

93 1842 224 1915 asom,
249 1821 308 1916 qui
341 1842 471 1894 nomen
494 1822 592 1895 suum
616 1823 887 1917 petulantiffimo
911 1820 1024 1897 studio
1049 1822 1297 1917 conviciandi,

93 1936 131 1992 et
162 1916 305 1989 aliorum
338 1913 465 1988 famam
499 1917 691 2005 lacerandi,
725 1936 762 1990 et
793 1920 909 2009 lingua
943 1937 980 1990 et
1003 1913 1100 2002 stilo,
1126 1917 1295 1995 foedavit.

93 2009 283 2086 Transtulit
305 2011 469 2106 quaedam
495 2034 540 2083 ex
564 2012 751 2095 Hebraeo,
779 2034 815 2084 et
838 2012 1017 2087 Rabbinie.
1065 2013 1162 2106 Opus
1184 2016 1296 2089 Claro·
1428 2071 1431 2077 -

93 2106 309 2200 nologicum,
335 2107 426 2200 quod
452 2104 628 2193 condidit,
654 2109 773 2202 exigui
792 2106 842 2181 est
859 2106 975 2201 pretii.

93 2234 108 2269 .·
135 2199 168 2297 Β.
193 2201 280 2274 DV.
305 2202 345 2273 ln
369 2201 582 2297 linguarum,
608 2203 795 2298 praecipue
813 2202 984 2283 Graecae,
1010 2201 1214 2298 cognitione
1231 2227 1296 2279 no·

93 2317 171 2373 nen
201 2295 348 2393 adeptui
382 2297 433 2370 est
460 2296 678 2370 bernnardus
715 2301 840 2372 Nonius
874 2297 1071 2382 Pintionus,
1099 2300 1295 2395 Hispanus,

93 2390 151 2489 gui
176 2393 306 2465 litteras
339 2390 490 2465 Graecae
520 2411 555 2464 et
584 2394 724 2465 Latinas
756 2393 807 2465 ell
842 2391 1009 2489 profellus
1041 2394 1294 2492 Salmanticae,

93 2502 126 2563 ct
150 2487 286 2583 linguae
312 2486 467 2560 Graecae
490 2486 636 2559 studium
660 2487 696 2559 in
722 2488 928 2585 Hispaniam
953 2488 1159 2564 introduxit.
1209 2493 1295 2567 Edi·

93 2579 140 2660 dit
165 2600 390 2657 commentar.
409 2583 446 2653 in
464 2580 630 2670 Plinium,
655 2583 808 2673 Melam,
835 2605 872 2657 et
889 2586 1080 2677 Senecam,
1102 2585 1158 2681 qui
1176 2611 1195 2660 a
1210 2591 1292 2685 Lip-

93 2676 163 2766 uo,
187 2697 225 2751 et
247 2676 338 2766 aliis,
360 2699 501 2773 quoque
523 2677 712 2754 laudantur.
760 2678 865 2753 Obiit
889 2702 917 2751 a.
948 2701 1053 2767 1552.
1101 2682 1295 2779 Utriusque

93 2773 251 2864 linguaue,
276 2773 433 2846 Graecae
460 2790 497 2843 et
522 2771 687 2861 Latinae,
711 2771 840 2846 notitia
864 2773 1026 2843 excelluit
1051 2775 1168 2844 Petrus
1195 2781 1290 2850 Ναη.

93 2871 184 2958 eius,-
208 2870 423 2955 Alcmariae,
448 2868 653 2940 Hollandiae
670 2868 823 2960 oppido,
844 2885 961 2954 natus,
989 2883 1024 2937 et
1041 2868 1212 2958 Lovauii,
1232 2872 1296 2946 ubi

93 2962 152 3039 dia
173 2986 232 3036 eas
254 2964 389 3058 linguas
413 2961 580 3057 profellut
606 2961 677 3047 est,
699 2960 883 3036 defunctus
908 2985 938 3034 a.
962 2983 1065 3054 1557.
1093 2963 1215 3037 Vertit
1232 2992 1297 3040 va·-

93 3058 161 3140 rioa
183 3078 322 3131 autores
347 3059 502 3131 Graecos
526 3057 562 3129 in
586 3055 736 3151 linguam
760 3056 941 3144 Latinam,
968 3075 1025 3145 et,
1049 3080 1187 3154 praeter
1204 3064 1296 3159 alia,

93 3151 221 3250 scripsit
244 3151 545 3226 Miscellaneorum
572 3151 677 3226 libros
701 3155 768 3240 X„
801 3156 914 3229 bonae
943 3149 1063 3249 frugis.
1114 3157 1181 3231 Sed
1205 3152 1296 3233 suna

93 3246 156 3325 mia
176 3248 212 3320 in
238 3248 308 3322 lroc
333 3247 522 3320 studiorum
549 3270 681 3342 genere
703 3246 789 3322 viria
817 3245 1020 3320 adcenletur
1041 3250 1160 3322 Petrus
1188 3254 1298 3330 Villa.

93 3348 178 3430 rius,
201 3345 443 3430 Florentium,
475 3345 680 3440 praecipuus
704 3342 943 3418 humaniorum
966 3343 1160 3418 litterarum
1186 3350 1295 3423 statur

93 3439 125 3515 in
168 3437 292 3511 ltalia:
340 3455 493 3511 moratus
531 3460 560 3509 a.
598 3447 705 3527 1585..
750 3439 938 3517 variarum
969 3438 1159 3525 kilianum
1191 3444 1298 3521 libro&

93 3532 301 3620 xxxvn..
342 3551 378 3605 et
401 3530 498 3607 notat
524 3530 712 3607 in-varioa
731 3553 870 3609 autores
896 3532 1072 3622 Graecot,
1109 3537 1147 3611 in
1171 3542 1296 3638 primia

93 3628 253 3714 latinum
276 3626 337 3723 ipsr
361 3629 534 3701 debemus.
1107 3706 1110 3712 ,
1208 3668 1211 3673 ·
1287 3698 1293 3731 ‚

110 3734 125 3798 ’,
138 3722 171 3822 ς.
195 3723 300 3798 DVI.
326 3721 911 3813 Praestantiffimurn,'dodlumune,
929 3722 1098 3820 Criticnrn
1119 3729 1157 3803 in
1172 3730 1302 3808 litteris

93 3818 341 3897 humanoribus
381 3819 556 3912 praestitit
595 3823 786 3897 Hadrianus
807 3819 1012 3919 Turnebus,
1051 3825 1296 3920 Normannut,

93 3915 202 3990 totius
227 3912 380 4004 Galliae,
421 3914 504 4012 quin
536 3916 714 4012 Europae,
755 3938 1020 4004 ornamentum,
1061 3921 1124 4010 qui
1150 3922 1304 4001 Torone

93 4026 136 4089 et
156 4009 289 4100 Potistia
310 4010 453 4108 docuit,
474 4029 650 4186 attuttuuaA
660 4034 702 4085 a..
721 4006 858 4104 usone·
879 4013 1302 4119 lateroperaejtuemp
1438 4012 1440 4016 ⁴

208 4158 248 4181 .«
657 4127 783 4203 aaaa
1218 4137 1311 4197 nent

474 4190 485 4227 ,
614 4200 619 4209 .
