3022 4806
663 540 898 638 SecullVL
985 592 988 597 ·

150 715 276 793 ordine
312 714 382 793 vid.
416 715 595 794 Zacharias
624 721 792 797 Boverius
823 715 1042 813 Salutienfis,
1064 716 1124 820 qui
1148 741 1272 800 eorum
1298 727 1378 797 Am.

151 818 244 889 noles
267 810 422 912 scriplit,
448 840 468 888 a
490 817 602 913 longis
625 823 787 912 caputiis,
811 816 870 891 seu
886 816 1052 908 cucullis,
1077 817 1200 917 quibus
1224 818 1272 894 uli
1289 817 1371 895 sunt

146 910 346 1007 quadratis,
380 934 461 987 cum
494 915 625 1009 prolixa
652 919 772 1006 barba,
804 915 852 989 lic
875 910 980 1003 dicii,
1012 937 1121 1028 eaque
1146 917 1305 1006 ratione,
1329 931 1375 989 et·

147 1009 229 1084 vita
243 1007 455 1099 austeriore,
481 1031 500 1079 a
516 1009 656 1108 reliquis
670 1013 699 1084 F
700 1007 908 1086 ranciscanis
921 1007 1093 1103 distintis,
1116 1011 1367 1111 congregatio·
1422 1088 1425 1092 ,

147 1125 236 1178 nem
274 1107 437 1180 Minorem
460 1104 694 1182 Eremitarum
716 1106 990 1194 constituentes,
1022 1107 1061 1182 in
1085 1107 1193 1182 initio
1215 1107 1370 1185 Provin-

144 1203 625 1294 clariumcmventualum,
650 1206 709 1280 seu
729 1207 896 1279 Minorem
921 1203 1178 1300 observantium,
1204 1201 1368 1280 Generali

146 1298 296 1397 subjedli
328 1299 487 1389 fuerunt,
520 1321 559 1375 et
586 1301 784 1375 corfirmati
807 1323 827 1375 a
851 1302 1033 1375 Clemente
1063 1300 1150 1376 Vll.
1175 1325 1207 1377 a.
1235 1309 1367 1392 1528..

147 1399 234 1473 dein
269 1395 329 1468 sub
360 1395 532 1492 regimine
562 1397 698 1494 proprii
725 1397 858 1474 Vicarii
886 1395 1088 1487 Generalis,
1112 1396 1170 1471 sed
1195 1421 1216 1473 a
1242 1391 1368 1495 magis·

146 1512 211 1567 tro
257 1492 416 1566 Generali
457 1495 751 1569 conventualium
792 1494 1101 1569 Franciscanorum
1138 1491 1366 1583 instituendi,

150 1589 465 1662 confirmationem
489 1588 580 1664 naili
605 1588 683 1663 sunt
699 1615 720 1665 a
735 1592 842 1665 Paulo
860 1591 924 1664 lll.
947 1613 978 1664 a
1010 1609 1139 1685 1535„
1164 1588 1224 1666 sub
1251 1588 1368 1664 nomi·

148 1708 199 1760 ne
224 1688 381 1758 Fratrum
407 1684 589 1758 Minorum
619 1688 870 1783 capuccinorum,
895 1685 1048 1781 denique
1070 1684 1188 1759 multis
1210 1710 1231 1762 a
1256 1685 1370 1760 variis

147 1781 257 1876 Papis
278 1781 393 1854 ornati
418 1781 546 1877 privile
573 1782 636 1872 iis,
662 1805 744 1856 curn
768 1779 939 1878 potestate
962 1781 1095 1876 proprii
1120 1779 1264 1854 ministri
1292 1782 1372 1855 Ge«

149 1879 280 1953 neralis
310 1876 487 1973 eligendi3
513 1806 654 1975 scieque
677 1879 766 1953 sedis
790 1877 924 1975 Papalis
947 1876 1098 1952 eximios
1145 1873 1368 1954 raestiterum

148 1971 309 2048 statores.
357 1975 475 2045 Autor
509 1973 552 2045 ab
590 1973 665 2047 aliis
697 1974 844 2050 traditur
878 1973 1071 2048 Bernardus
1110 1900 1290 2063 lichinus,
1321 1976 1367 2048 ab

146 2069 228 2145 aliis
248 2069 453 2144 Matthaeus
469 2068 514 2143 de
532 2069 661 2160 Ballio,
686 2093 733 2146 ex
760 2069 909 2146 Umbria
932 2069 1118 2159 oriundus,
1142 2069 1296 2167 denique
1320 2071 1366 2144 ab

149 2164 230 2243 alin
255 2163 463 2241 Gottfridus
488 2165 676 2263 Varaglius
701 2167 891 2255 Bulcauus,
922 2165 1220 2252 Pedemontanus‚
1268 2163 1305 2239 ui
1326 2187 1369 2238 e·

147 2263 237 2335 tiam
271 2259 340 2335 fuit
365 2259 512 2335 Ordinis
543 2261 747 2354 Generalis,
781 2263 838 2338 sed
860 2258 982 2357 postea
1005 2258 1225 2335 Reformatis
1244 2188 1283 2334 ie
1306 2261 1376 2337 ad·.

142 2357 288 2460 junxit,
313 2377 350 2431 et
381 2355 690 2467 ‘martyrio-fidem
723 2353 939 2473 oblignavit‚
965 2356 1116 2472 'iturini
1141 2355 1366 2454 combustus,

143 2479 178 2601 ’τ
199 2453 428 2650 tenni:
452 2449 1365 2660 dilaniarentur,m

107 2720 117 2729 .
143 2643 200 2726 est
221 2645 433 2725 instituenda
455 2664 627 2736 narratio,
658 2648 815 2743 ignatius
845 2651 884 2722 de
906 2649 1050 2743 Loyola,
1082 2666 1196 2740 aquo
1219 2647 1371 2734 ordior,

143 2744 237 2822 filius
259 2739 437 2820 Bertrandi
466 2740 610 2820 Domini
634 2744 749 2843 Ognis
781 2744 958 2840 Loyolae,
993 2741 1030 2816 in
1067 2740 1204 2814 Vetere
1238 2740 1371 2820 Cantas

145 2841 240 2930 bria,
264 2839 381 2917 versus
403 2859 543 2915 montes
566 2841 778 2937 Pyrenaeus,
802 2856 903 2913 natus
925 2861 958 2914 a.
987 2855 1114 2927 1491„
1138 2849 1218 2908 cum
1242 2832 1364 2908 adole·

145 2937 253 3013 viliet
286 2934 435 3013 militiae
463 2936 575 3011 adseri
606 2955 659 3008 tus
688 2935 796 3011 vitam
819 2932 921 3032 degit
945 2929 1160 3009 libidinolam
1183 2947 1222 3005 et
1242 2927 1371 3026 inpro-

146 3039 252 3126 bam,
286 3035 344 3110 led
367 3031 476 3107 Gallis
504 3031 543 3107 in
611 3052 750 3106 avarrae
773 3051 921 3143 regnunt
945 3050 976 3106 a.
1003 3047 1111 3120 1521.
1134 3024 1375 3138 irruentibus,

143 3134 390 3230 Pompelonam
413 3129 531 3202 urbem
557 3126 776 3222 defensurus,
815 3150 850 3202 rn
873 3147 974 3202 crure
1006 3142 1044 3200 et
1067 3124 1223 3200 manrbus
1269 3144 1369 3199 ravr·

149 3249 208 3304 ter
231 3231 447 3316 vulneratus,
478 3245 518 3302 et
543 3242 684 3318 captus,
709 3226 836 3300 incidit
860 3224 897 3299 in
920 3224 1030 3300 libros
1050 3223 1140 3295 vitoe
1165 3145 1305 3317 Clodii,
1328 3231 1368 3292 es

144 3322 271 3425 florum
309 3326 491 3412 ananum,
531 3320 682 3418 indeque
705 3319 832 3396 serium
861 3320 956 3395 vitae
987 3315 1225 3392 emendandae
1252 3311 1370 3391 haulis

151 3443 268 3532 propo
282 3441 381 3531 rrum.
433 3419 520 3492 Cutn
543 3438 630 3491 vero
643 3416 834 3527 litterarum
853 3414 939 3491 eliet
957 3413 1070 3525 rudit,
1092 3429 1129 3484 et
1151 3432 1256 3522 verae
1273 3409 1378 3547 stnc3

149 3536 622 3709 terreremur
635 3504 1375 3715 inueniuntur,

154 3706 247 3801 suit,
273 3708 427 3783 eruditus
449 3729 493 3781 ex
511 3705 704 3781 sandlorum
728 3702 902 3801 legendis,
927 3722 965 3777 et
988 3698 1193 3791 visionibus,
1218 3719 1260 3775 ut
1281 3717 1372 3777 rm&

152 3805 335 3905 ginatione
359 3805 492 3879 delusus
520 3801 584 3876 srbi
607 3802 812 3892 videbatur,
835 3796 1061 3888 coelestium,
1084 3795 1124 3871 in
1147 3792 1265 3891 primis
1286 3795 1374 3869 Ma·-

152 3904 231 3979 sias
252 3899 430 4000 Virginis,
467 3900 525 3976 cui
547 3896 617 3972 sese
642 3899 794 3972 maxime
816 3895 938 3994 coepit
966 3894 1158 3972 devovere.
1208 3888 1376 3995 Virginis

149 3998 255 4079 enim
283 3995 402 4089 fanum
434 3997 474 4079 in
504 3991 777 4104 Most-lettard
790 4012 930 4107 ‘’petelll
968 3978 1383 4181 ‘muira‘ffffiffffi

135 4091 387 4187 tamar.
739 4088 826 4172 tm
1265 4083 1301 4182 d
