3022 4806
590 441 597 449 ⁴
670 442 681 453 s

644 563 752 642 decii.
778 560 878 639 XVI.

136 745 275 846 linguae
299 743 457 820 Graecae
483 764 548 842 per
574 741 721 827 Galliam
746 737 970 833 instaurator,
994 744 1092 842 cujus
1114 743 1250 843 insigne
1267 747 1355 825 fecit

137 847 294 941 elogium
325 841 527 914 Ludovicur
560 842 678 915 Vivet
711 838 754 914 ad
786 836 973 932 Augustin.
1007 842 1050 914 de
1076 843 1217 916 Ciuitate
1239 844 1306 916 Dei
1330 847 1354 923 l.

138 941 188 1017 ii.
212 963 247 1015 c.
276 958 353 1029 17.,
378 937 558 1012 Gulielmus
585 937 757 1023 Budaeus,
788 933 1000 1023 Parmensis,
1034 936 1171 1013 senator
1197 941 1356 1037 Regius,

137 1054 178 1111 et
200 1033 390 1110 libellorum
428 1033 618 1126 supplicum
655 1031 692 1107 iii
725 1028 842 1125 Regia
882 1030 1072 1127 Magister,
1116 1033 1302 1113 defunctui
1320 1056 1353 1112 t.

139 1153 250 1221 1540.
273 1130 353 1202 Fuit
371 1130 550 1227 &ripaeis
571 1126 732 1227 quidem,
752 1143 786 1198 et
804 1123 984 1224 bispeiir,
1009 1129 1069 1203 seu
1084 1150 1103 1202 a
1118 1129 1177 1219 sc,
1197 1149 1235 1204 et
1253 1132 1353 1223 seru,

136 1227 280 1314 doetus,
316 1242 355 1298 ut
380 1229 454 1322 ipse
484 1225 565 1300 alibi
591 1224 739 1312 fatetur,
777 1225 980 1298 conscendit
1007 1223 1236 1301 nihilominus
1263 1227 1356 1305 sumi·

137 1345 237 1396 mum
268 1343 334 1417 pro
365 1342 410 1392 eo
439 1339 602 1417 tempore
634 1315 842 1393 eruditionis
872 1320 1038 1413 gradum,
1079 1338 1116 1392 et
1146 1320 1278 1396 labanti
1299 1318 1354 1398 rei

136 1417 329 1490 litterariae
341 1417 568 1492 certissimum
599 1416 725 1489 adtulit
749 1413 955 1509 praesidium
979 1433 1115 1514 contra,
1131 1417 1351 1493 clericorum

135 1513 302 1599 insultus,
336 1515 396 1604 qui
421 1514 551 1584 litteras
575 1513 762 1600 uolebant,
796 1533 841 1583 ne
865 1510 1048 1606 religioni,
1092 1511 1209 1584 verius
1230 1513 1354 1608 super·

137 1606 296 1694 stitioni,
320 1625 505 1696 nocerent,
530 1606 727 1683 suffocarat.
778 1604 885 1680 Licet
916 1629 1003 1679 vero
1028 1605 1200 1682 Ecclesiae
1222 1610 1357 1683 Catilio·

136 1703 408 1779 iicoiiomanae
432 1703 567 1798 semper
590 1699 803 1788 adhaeserit,
829 1700 866 1772 in
882 1699 1021 1797 scripiii
1043 1723 1181 1798 quoque
1202 1708 1355 1778 nonnul,

138 1801 202 1886 lis,
241 1801 280 1869 iii
309 1796 427 1887 specie
457 1801 496 1872 in
526 1796 682 1893 singulari
713 1797 805 1869 libro
838 1796 882 1868 de
912 1793 1051 1887 transitu
1085 1795 1275 1892 Hesr'erir'smr'
1305 1800 1352 1873 ad

140 1892 438 1988 Cirristiairi'jmuni,
469 1890 560 1965 leslu
584 1893 708 1985 digno,
733 1888 804 1963 sese
826 1890 1068 1964 reformationi
1091 1892 1205 1964 minut
1228 1893 1352 1967 faveri·

136 2007 209 2062 tem
241 1987 548 2077 demonstraverit,
580 1983 756 2060 suscitavit
782 2006 897 2058 tamen
922 1987 966 2059 de
990 1988 1023 2058 se
1046 1984 1219 2059 haeresint
1243 1987 1351 2082 suspi-

136 2088 300 2170 cionem,
326 2084 418 2178 quod
442 2083 513 2156 siric
536 2079 728 2156 solennibus
744 2080 917 2155 Ecclesiae
934 2079 1058 2153 ritibus
1075 2083 1226 2156 voluerit
1246 2085 1359 2178 sepe·²

136 2181 218 2268 liri,
242 2179 402 2274 quodque
425 2178 529 2252 uidua
561 2179 634 2272 ejus
665 2197 745 2255 cum
770 2178 890 2249 liberis
909 2176 1120 2250 *concesserit
1146 2177 1350 2270 Getieum,
1412 2193 1424 2199 “

136 2294 177 2348 et
206 2273 311 2345 fidem
344 2270 585 2345 Reformatam
615 2270 765 2367 professa
789 2269 852 2358 sit3
885 2271 1040 2364 denique
1062 2270 1097 2343 iii
1121 2294 1237 2345 morer
1260 2274 1347 2351 cleri

137 2367 293 2444 Romani
317 2367 418 2462 saepe
442 2366 547 2440 suerit
571 2364 743 2441 inveiius.
771 2365 858 2438 illud
883 2363 948 2462 ipsi
972 2367 1008 2438 in
1031 2367 1163 2440 laudem
1188 2388 1257 2442 nnn
1275 2367 1351 2445 ces·

136 2464 202 2547 sit,
232 2463 325 2558 quod
353 2461 573 2536 aemulationi
598 2463 693 2535 inter
715 2461 828 2556 ipsum
852 2480 889 2533 et
913 2462 1094 2538 Erasmum
1117 2461 1269 2560 eousque
1291 2467 1348 2542 in·

137 2559 297 2645 dulserit,
322 2576 359 2628 ut
383 2580 462 2629 eum
480 2581 525 2630 rie
538 2557 648 2630 citare
664 2559 803 2649 quidem
821 2578 967 2652 unquam
986 2556 1165 2647 voluerit,
1188 2559 1223 2632 iii
1239 2559 1348 2654 scrip·

137 2655 182 2729 tis
206 2656 306 2747 saepe
329 2651 433 2724 etiam
458 2651 553 2725 tetie
576 2648 831 2747 perstrinxerit.
863 2651 1027 2747 Scripsit,
1051 2656 1145 2726 inter
1167 2655 1232 2727 alia
1257 2658 1350 2731 mul·

138 2769 195 2836 rii,
222 2748 265 2820 de
287 2745 385 2843 Affl,
408 2746 487 2843 ejus
507 2772 548 2820 ue
571 2748 744 2842 partibus,
770 2763 806 2820 et
828 2749 1068 2821 commentarius
1097 2749 1227 2840 linguai
1243 2749 1350 2823 Grae·

137 2865 198 2921 coe
219 2859 256 2923 et,
276 2843 432 2918 Latinae.
482 2771 638 2918 imitant
662 2841 779 2916 omnia
800 2861 905 2936 opera
937 2858 1082 2938 quatuor
1112 2843 1183 2915 vol.
1208 2844 1247 2918 in
1270 2845 1351 2921 sole

136 2936 288 3016 Basileae
313 2938 408 3011 edita
431 2959 463 3013 a.
491 2960 597 3030 1557.
1289 3005 1291 3011 .
1494 3024 1496 3029 .

163 3031 216 3132 s.
249 3034 350 3109 Dlll.
370 3030 700 3108 -liircellentinribui
736 3029 1009 3106 Litteratoribui
1040 3030 1148 3108 utiam
1181 3030 1351 3111 ediiuttic·¹

137 3127 265 3205 raudus
296 3127 347 3202 est
370 3128 478 3201 Lilirts
505 3130 680 3223 Gregorius
709 3127 893 3223 Gyruldirr,
922 3128 1100 3227 utriusque
1123 3133 1172 3205 iiii
1239 3151 1281 3222 e,
1309 3126 1350 3206 et

136 3224 399 3322 antiquitatum,
426 3223 647 3318 peritissimus
673 3224 776 3319 juxte
811 3244 853 3297 ac
884 3220 1129 3301 inscribendo
1197 3245 1351 3304 curaturi

137 3317 223 3394 Fuit
254 3318 495 3408 Ferrariensii,
530 3340 568 3393 et
599 3338 946 3408 mortuorunm.
986 3319 1132 3417 Scripsit
1163 3319 1349 3401 historiam

139 3415 297 3491 Deorum
329 3415 542 3503 Gentilium,
567 3417 613 3489 de
646 3416 764 3512 poetis
797 3413 941 3489 Graecis
965 3434 1004 3489 et
1027 3415 1184 3505 hucin,
1208 3434 1348 3511 praeter

138 3510 207 3587 alia
231 3507 404 3605 opuscula.
454 3510 598 3585 Etsi-ini
619 3509 754 3583 duobus
776 3509 845 3583 vol.
871 3509 908 3583 iit
931 3511 1006 3585 Ful.
1043 3512 1127 3586 Nec
1144 3512 1272 3587 hoium
1290 3515 1349 3589 vi·.

139 3628 259 3681 rorum
285 3606 444 3700 catalogo
467 3607 698 3682 excludundur
721 3603 775 3678 est
796 3605 942 3695 Brutus,
970 3609 1024 3682 vel
1039 3606 1187 3700 liiidiui,
1211 3605 1350 3683 Riem-

140 3724 222 3791 iiur,
245 3698 493 3777 Saletiad‘iensii
519 3701 734 3788 Germanus,
759 3699 819 3796 qui
844 3697 914 3775 line
938 3701 1004 3775 ulli
1021 3702 1232 3800 profeffiane
1250 3721 1350 3778 roten

138 3799 177 3874 in
207 3797 336 3871 litteris
368 3799 571 3873 excolendis
602 3794 806 3884 consenuit,
837 3814 997 3872 mortuui
1026 3821 1057 3874 a.
1088 3822 1196 3895 1547.
1219 3795 1349 3873 noete

138 3912 397 3969 commentatur
431 3892 545 3968 estin
576 3890 852 3980 Tertullianum,
880 3909 917 3966 et
941 3891 1005 3968 scri
1033 3893 1094 3988 sir,
1124 3892 1351 3970 subnomIne

141 3985 300 4079 licentii
321 3989 514 4089 seiuncti,
539 4006 663 4069 cunita
681 3980 973 4082 ‚usurpationere
1048 3991 1287 4076 cadmiae,
1310 3985 1358 4097 ³¹¹,

653 4083 823 4163 Aeaea
973 4130 980 4142 -
1156 4083 1360 4184 Monarcliae

1182 4512 1186 4519 .
1261 4220 1455 4524 ,1
