3022 4806
102 618 183 707 ‘⁶4
507 595 654 699 Historia
676 598 805 700 sactes.
832 598 950 701 Christ.

143 783 224 863 suit·
234 795 413 864 mortuus,
438 791 474 848 et
489 775 635 869 comitia
652 775 728 850 sunt
751 774 869 852 habita
884 798 951 872 pro
966 773 1166 853 successoris
1180 769 1355 849 electione

148 901 338 977 narro,
366 871 448 947 dein
474 870 637 968 antipapa
661 874 839 968 Gregorio
863 871 1044 968 superato,
1068 873 1156 946 solus
1171 873 1287 946 sedern
1305 889 1358 942 te·
1399 951 1404 963 ,

147 972 228 1050 nuit
252 973 295 1045 ab
320 995 349 1042 a.
380 986 487 1039 1121.
537 968 634 1040 Ante
658 969 754 1064 quod
779 984 918 1065 ternpus
938 968 1032 1055 duo,
1063 971 1101 1041 in
1121 964 1251 1042 itinere
1282 965 1385 1038 Ros

145 1093 258 1155 mam,
301 1061 452 1138 celebria
478 1060 604 1136 habuit
634 1061 813 1152 concilia,
853 1085 959 1137 unum
991 1060 1172 1151 Tolosae,
1210 1062 1360 1137 alterurn

150 1161 323 1249 Rhemis,
362 1177 548 1252 utrumque
579 1180 611 1230 a.
641 1178 747 1247 1119.
796 1157 894 1232 Inter
923 1158 1042 1251 prioris
1082 1177 1233 1232 canones
1262 1157 1361 1246 sunt,

147 1261 209 1358 qui
240 1253 433 1331 Simoniarn
465 1252 650 1343 damnant,
690 1252 990 1327 Petro-brusranos
1023 1252 1247 1331 anathemate
1278 1250 1361 1325 feri·

153 1372 242 1442 unt,
266 1346 463 1449 primitias,
489 1345 664 1438 decimas,
686 1347 904 1437 oblationes,
927 1346 1148 1438 coemiteria,
1178 1349 1269 1424 bona
1286 1369 1364 1421 mo·

150 1445 312 1523 riemium
336 1442 596 1538 Episcoporum
624 1463 661 1516 et
694 1443 930 1532 clericorum,
962 1442 1176 1518 interdicunt
1206 1441 1267 1516 sub
1302 1464 1364 1514 ex·

150 1536 472 1620 communicatione
497 1536 717 1634 Principibus
747 1559 784 1612 et
805 1538 934 1613 Laicis.
985 1539 1027 1610 ln
1050 1535 1222 1626 Rbemenfi
1253 1560 1365 1628 vero,

69 1721 74 1729 ,
154 1637 213 1739 cui
245 1637 321 1733 ipse
350 1631 557 1706 Ludovicus
590 1633 723 1708 Crassus
754 1633 896 1722 adsuit,
927 1633 1090 1729 'quinque
1121 1633 1198 1708 sunt
1228 1632 1366 1710 conditi

152 1755 327 1818 canones,
359 1727 502 1823 quibus,
535 1747 673 1823 praeter
696 1729 909 1819 simoniam,
940 1734 1120 1802 damnatae
1141 1727 1254 1823 rursus
1283 1720 1368 1806 sunt

154 1824 384 1923 investiturae
408 1821 559 1911 Laicae,
590 1842 625 1895 et
648 1823 843 1896 invasiones
876 1821 1123 1921 possessionum
1151 1821 1365 1901 Ecclesiasti-

154 1945 295 2012 carum,
319 1915 543 2024 ¹concubinae
577 1939 739 2014 quoque,
774 1935 812 1990 et
837 1940 986 2007 uxores,
1018 1918 1252 2015 Presbyteris,
1278 1920 1374 2017 Dia?

154 2020 280 2105 conis,
305 2035 340 2086 et
356 2012 590 2101 subdiaconis,
609 2014 668 2086 sub
684 2034 799 2108 poena
814 2011 1186 2087 excommunicationis
1202 2035 1244 2088 ac
1259 2013 1370 2114 depo·'

154 2112 315 2203 litionis,
341 2106 550 2184 interdiilae
567 2108 654 2185 sunt.
693 2109 858 2205 Denique
883 2108 1063 2181 decretum
1087 2106 1139 2182 est
1161 2108 1292 2185 lassum
1325 2113 1370 2189 de

156 2231 272 2307 treuga
297 2204 387 2295 Dei,
411 2221 468 2293 et,
492 2203 587 2301 quod
612 2205 648 2278 in
673 2206 797 2300 primis
821 2205 1031 2292 notandum,
1056 2204 1238 2279 Henricus
1263 2198 1371 2306 Inpe.

156 2306 260 2380 rator·
274 2299 596 2376 excommunicatus
620 2297 691 2386 est,
717 2321 831 2393 eoque
848 2299 985 2372 tantlem
1008 2299 1222 2394 compulsus,
1251 2321 1291 2376 nt
1313 2301 1369 2380 in·

154 2395 336 2481 vestituris
359 2393 490 2467 miserit
513 2390 700 2481 nuncium,
725 2410 763 2465 et
786 2408 908 2485 pacem
931 2409 1010 2468 cum
1033 2394 1123 2488 Papa
1146 2388 1287 2472 fecerit.

174 2512 177 2516 ·
204 2490 235 2590 s.
259 2490 342 2564 LV.
375 2489 470 2561 Ante
492 2484 677 2558 connlium
703 2486 921 2576 talemense,
965 2510 1002 2563 ut
1027 2488 1239 2584 postremum
1265 2491 1371 2585 illud,

158 2591 260 2684 cujus
282 2579 447 2669 memini,
473 2583 575 2674 paulo
600 2580 722 2668 sosius,
760 2602 797 2656 ut
823 2603 997 2672 meretur,
1023 2607 1198 2674 enarrem,
1223 2587 1269 2660 de
1285 2609 1371 2664 con·

184 2679 282 2767 ordia
305 2676 489 2750 sacerdotii
515 2695 551 2746 et
577 2673 704 2773 inperii
734 2675 847 2750 aslum
880 2678 949 2751 fuit
978 2681 1069 2752 inter
1102 2678 1300 2757 Henricutn
1333 2702 1372 2758 et

83 2828 89 2834 -
158 2707 286 2874 sapam
307 2795 371 2870 per
388 2773 562 2866 Legatos,
588 2794 632 2844 eo
650 2793 729 2845 cum
748 2771 896 2860 effeslu,
924 2793 962 2846 ut
986 2776 1168 2869 superator
1177 2777 1210 2849 se
1227 2776 1374 2853 Investi-

159 2874 248 2951 turis
278 2866 586 2971 renunciaturum,
619 2868 710 2962 Papa
739 2866 987 2941 absolutionem
1022 2870 1117 2965 ejus,
1159 2867 1370 2967 promiserit.

155 2974 245 3051 Cum
268 2986 374 3049 vero,
408 2981 448 3034 ut
472 2959 621 3033 refertur
647 2965 682 3034 in
708 2967 962 3037 cornmentariolo
989 2964 1156 3039 Hellouis
1180 2967 1372 3044 Scholasti-

156 3059 286 3158 ci‚'de
310 3061 405 3132 relus
428 3060 461 3128 in
489 3059 619 3131 concilio
642 3057 833 3151 Illrsmenst,
859 3063 917 3134 cui
942 3059 1123 3148 interfuit,
1153 3061 1279 3156 gestis,
1312 3068 1372 3139 In·

106 3162 109 3167 ’
156 3175 297 3261 perator
320 3151 487 3249 promiffis
511 3173 579 3223 non
606 3151 774 3244 stetisset,
807 3154 992 3228 decretum
1021 3155 1056 3227 in
1090 3178 1133 3228 eo
1166 3157 1216 3230 est
1245 3161 1388 3235 condi·¹

162 3276 241 3350 tum
265 3247 435 3332 concilio,
466 3269 535 3341 quo
558 3246 832 3343 Episcopatuum
866 3269 903 3321 et
932 3250 1158 3324 Abbariarum
1190 3253 1373 3333 investitu-

158 3374 218 3426 rae
260 3368 324 3442 per
362 3365 500 3416 manum
531 3341 674 3414 Laicam
715 3343 854 3438 penitus
896 3343 1150 3439 prohibentur,
1190 3350 1372 3430 Heuricus

158 3464 325 3554 quoque,
351 3461 431 3511 cum
455 3433 606 3544 Burdino
631 3438 826 3535 Antipapa,
851 3441 1172 3515 excommunicatus
1196 3442 1264 3528 est,
1290 3446 1373 3544 ipsis

156 3537 301 3617 subditis
324 3533 501 3638 fidelitatis
526 3533 671 3604 vinculo
695 3535 822 3611 solutis.
875 3537 940 3610 Sed
968 3533 1143 3634 Regerius
1173 3537 1216 3610 de
1241 3539 1382 3629 lione-i

158 3638 229 3711 deu
260 3629 297 3704 in
330 3629 520 3702 Annalibus
552 3628 706 3717 Anglicis
736 3655 770 3725 p.
808 3634 836 3705 Ι.
877 3631 1018 3723 scribit,
1053 3630 1249 3708 Henricum
1280 3637 1368 3716 nibil

159 3728 251 3809 aliud
284 3724 346 3798 fibi
379 3745 486 3828 quam·
513 3721 752 3815 polseffionum
793 3724 1108 3800 Ecclesiasticarum
1147 3727 1370 3811 investituras

158 3820 364 3909 reservasse,
396 3815 637 3910 nescioquam
662 3844 760 3893 vere.
809 3821 914 3893 Licet
939 3824 1034 3895 enim
1060 3823 1095 3895 in
1121 3820 1223 3896 initio
1246 3824 1372 3903 decre·

159 3943 233 4002 tum
264 3913 397 4012 Synodi
435 3909 655 3986 investituras
685 3916 806 3988 Lnicas
833 3914 985 3989 absolute
1011 3920 1252 4008 damnaverit,
1286 3947 1373 4003 mox

162 4036 299 4107 tamen,
328 4031 410 4107 cum
435 4005 538 4082 multi
561 4007 600 4083 in
623 4008 779 4085 concilio
803 4008 875 4085 sese
899 4031 1141 4110 opponerent,
1174 4015 1380 4095 restrieium‘

1303 4115 1380 4230 m,
