2976 4830
177 579 264 664 fl!
556 578 858 680 apostatantes.
882 578 1003 680 Christ.

185 760 259 850 11,
287 753 348 856 qui
371 755 507 853 primus
523 757 616 832 hanc
634 762 832 856 potentiani
851 779 888 830 et
903 757 1136 832 autoritatem
1153 753 1296 850 publice
1308 742 1402 844 jtffl·

188 855 305 932 vitet
330 859 501 929 exercuit.
549 856 629 927 Hae
654 857 733 930 sunt
757 859 926 931 Personae
949 855 1211 949 belligerantes.

211 1014 217 1025 ,
240 949 274 1047 ς.
297 949 487 1022 Dcxvti.
585 952 622 1022 B.
651 953 759 1047 Causa
776 954 857 1026 belli
873 949 910 1022 in
926 972 1060 1044 genere
1076 949 1149 1021 suit
1166 943 1269 1018 fidei
1284 963 1318 1014 et
1333 935 1404 1048 Rq·

193 1046 340 1143 iiginnis
364 1046 496 1140 Papalis
514 1045 692 1137 desensio,
715 1071 753 1119 et
772 1049 996 1144 propagato:
1017 1047 1111 1142 prior
1129 1043 1256 1114 belluni
1275 1051 1398 1143 peperit

190 1164 278 1218 cuni
293 1140 513 1236 Principibus
527 1163 565 1213 et
581 1142 801 1230 Haereticis,
822 1141 976 1237 posterior
991 1165 1075 1214 curn
1093 1138 1237 1210 Tuscis.
1287 1137 1402 1207 cono·

198 1255 317 1312 tarum
341 1257 465 1309 contra
487 1236 520 1308 se
544 1236 746 1335 Principes,
772 1239 866 1335 quod
893 1236 1120 1310 investituras
1135 1234 1200 1308 illis
1217 1233 1403 1326 eriperent,

199 1351 237 1407 et
259 1333 304 1403 de
329 1332 471 1405 coronis
492 1331 627 1404 illorum
645 1333 716 1406 ausi
734 1334 800 1407 sint
814 1335 1019 1427 disponere:
1047 1329 1262 1438 Haereticos
1277 1345 1400 1421 oppug-

199 1426 972 1620 sllt,‘stills{lllllltlfll}
982 1425 1400 1594 ’itlltltlslllt

199 1620 375 1704 tulerunt,
402 1634 439 1687 ut
464 1615 533 1689 illis
557 1616 704 1693 Terram
729 1623 785 1711 S.,
811 1622 870 1694 sen
886 1617 1127 1706 Palaestinam,
1146 1617 1343 1712 eriperent,
1365 1607 1402 1681 fi·

199 1713 307 1807 bique
330 1709 551 1787 subicerent.
721 1734 727 1743 ·

250 1807 294 1913 §.1
308 1735 516 1883 Deilvffl.
620 1810 660 1884 C.
684 1810 742 1886 Ad
771 1813 927 1901 Modura,
952 1833 1024 1909 qun
1040 1805 1170 1883 bellurn
1187 1801 1319 1901 geliuin
1336 1799 1402 1892 est,

200 1922 382 2005 prurient

538 2017 570 2069 tt
591 1999 742 2094 Miaistri‘
758 2002 888 2097 Papae,
899 2022 935 2075 et
951 1997 1140 2073 Exercitus
1157 1994 1250 2089 ejus:
1267 1995 1314 2068 illi
1331 1992 1399 2101 sue·

202 2116 284 2173 runt
300 2093 388 2167 varii
402 2090 552 2180 ordinis,
571 2098 745 2168 Militares
759 2117 796 2168 et
812 2099 1059 2182 Monachales,
1081 2093 1269 2188 praecipue
1287 2093 1404 2164 Domi·

200 2190 320 2268 nicani
357 2210 394 2261 et
426 2189 664 2262 Franciscani:
689 2192 874 2276 Exercitus
901 2191 1040 2264 fuerunt
1064 2187 1221 2260 Cruciati
1248 2188 1402 2272 Milites,

198 2288 264 2457 qui
282 2287 360 2357 Sec.
380 2284 442 2356 XI.
470 2286 506 2354 in
523 2285 593 2357 fine
613 2307 805 2380 coeperunt
823 2286 991 2360 conscribi
1006 2307 1129 2358 contra
1144 2283 1325 2366 infideles,
1351 2282 1404 2354 sed

226 2381 281 2456 ein
298 2375 435 2452 collecii
452 2400 590 2472 quoque
607 2401 729 2454 contra
747 2384 970 2456 Haereticos.
995 2383 1081 2454 Huc
1100 2400 1239 2475 qunque
1258 2376 1408 2449 reseren-

199 2475 238 2555 di
262 2471 418 2548 Ministri
445 2472 694 2567 inquisitionis.

541 2587 570 2638 a.
589 2572 691 2640 Arma
704 2567 1406 2664 PopiliafueruntEsicommunicntiones,

202 2661 454 2754 anathemata,
473 2663 706 2758 depositiones
722 2667 883 2761 Regum,
901 2686 937 2738 et
954 2668 1183 2751 clericorum,
1216 2662 1403 2760 inquisitio

204 2783 288 2850 nes,
314 2782 488 2848 carceres,
515 2779 712 2848 tormenta,
736 2764 1003 2836 confiscationes
1026 2765 1219 2849 bonorum,
1245 2761 1344 2850 bella,
1363 2781 1406 2833 ac

203 2858 346 2957 quaevis
368 2854 536 2953 supplicia
562 2857 735 2945 capitalia.

214 3004 236 3027 ,ι
540 2970 567 3023 a.
592 2947 747 3045 Effello,
773 2974 860 3047 quae
882 2951 981 3025 sicile
1001 2951 1037 3024 se
1060 2951 1235 3038 offerunt,
1270 2947 1407 3025 suerunt

202 3045 343 3148 quaevis
364 3044 450 3117 mala
474 3040 594 3137 hujus,
620 3068 657 3118 et
682 3047 818 3119 suturae
834 3047 925 3121 vitae
941 3069 1079 3143 quoque
1097 3070 1139 3119 ex
1157 3045 1329 3139 opinione
1347 3071 1407 3117 eo·

122 3160 126 3177 ¹
201 3165 297 3231 rum,
331 3140 389 3214 sed
416 3135 514 3230 hujus
541 3138 636 3213 vitae
668 3143 755 3214 mata
779 3165 884 3214 omne
912 3167 1041 3236 genus,
1070 3162 1289 3230 contemtus,
1316 3141 1405 3214 insa·

203 3239 291 3326 mia,
321 3230 526 3309 commercii
549 3233 663 3308 ciuilis
689 3236 860 3330 privatio,
898 3256 1099 3332 paupertas,
1126 3237 1255 3323 sarnes,
1280 3238 1406 3326 exilia,

202 3355 379 3424 entceres,
404 3348 594 3417 tormenta,
629 3353 780 3420 mortes,
813 3332 1019 3407 vastationes
1039 3350 1206 3407 terrarum
1234 3352 1271 3405 et
1294 3356 1408 3429 popu·

202 3429 333 3515 iorum,
361 3446 509 3516 ecquae
535 3427 612 3496 sunt
637 3425 765 3502 similia.

206 3572 220 3614 ·.
248 3523 281 3620 i.
306 3521 469 3598 DCXlX.
496 3519 602 3592 Hunc
620 3519 752 3609 casum,
770 3525 866 3616 cujus
881 3543 973 3596 nunc
990 3522 1069 3595 dedi
1086 3521 1310 3619 conspedlurn
1330 3541 1408 3595 tan·

201 3618 509 3716 tuingeneralem,
532 3636 612 3688 cum
635 3616 671 3688 in
693 3610 974 3690 Institutionibus
993 3617 1086 3692 Hist.
1112 3619 1244 3694 Eccles.
1264 3620 1407 3712 prolixi·

202 3745 241 3797 us
264 3739 304 3790 ea
328 3711 442 3787 omnia
469 3709 633 3799 tranavi,
658 3715 795 3806 appello
819 3712 1130 3786 characteristicum
1150 3713 1317 3789 Ecclesiae
1339 3732 1400 3805 per

123 3899 127 3906 ,
204 3812 322 3901 omniu
350 3808 404 3882 illa
438 3807 566 3896 secula,
594 3804 673 3901 quia
698 3809 813 3880 omnia
838 3808 942 3881 habet
963 3807 1133 3903 ejusmodi
1153 3811 1399 3886 casusclrarac·
1438 3878 1441 3883 .

200 3902 351 3993 tesistici
374 3901 534 3993 critetia,
566 3924 650 3996 quae
676 3923 766 3973 nunc
791 3903 826 3975 in
850 3903 961 3975 lucem
986 3902 1182 3999 proferam:

205 4080 208 4085 ,
329 4080 333 4089 ,
380 4066 384 4079 ,
437 4051 456 4093 Ᾰ
476 4066 505 4112 ,Ι
533 3996 580 4079 A.
611 3996 765 4082 Primum
790 3997 975 4104 criterium
1000 3999 1105 4081 casua
1138 3996 1410 4172 ώκιᾶεῐίΐῑῖὶά

193 4132 271 4200 εἷ’·
716 4160 720 4165 ·
876 4163 884 4183 ·
1338 4117 1359 4169 θ
1393 4147 1409 4189 s

88 4322 220 4472 Ν
