3022 4806
907 454 916 477 Ι

91 694 106 750 ,
651 601 761 685 aar.
788 603 888 688 aar.
1304 572 1433 720 aas'

147 782 356 885 viguerunt
387 780 501 863 adhue
532 783 650 862 seculo
690 787 856 886 sequente
885 784 963 865 illae
990 784 1075 866 liter
1107 785 1144 867 in
1178 790 1348 891 Hispania

145 886 316 960 tullerunt
338 881 481 978 quidem
508 883 583 979 ejus
607 881 729 980 Reges
754 882 863 957 varin
887 884 929 956 ad
955 886 1063 982 Papaa
1089 888 1285 996 legationes
1302 851 1372 988 ptri

146 980 360 1056 inmaculata
398 982 637 1074 conceptione
668 981 888 1068 definienda,
921 977 977 1052 sed
1012 981 1099 1056 nihil
1124 1005 1368 1082 rupetrarunt,

145 1076 214 1152 nili
239 1073 331 1174 quod
355 1076 476 1149 Paulus
499 1075 544 1151 X.
568 1075 795 1151 inmaculatae
812 1076 1057 1171 conceptionis
1073 1079 1367 1176 inpugnationem

143 1170 352 1259 inhibuerit,
386 1187 425 1281 et
459 1171 760 1280 Gregorius-XV.
791 1171 875 1246 illud
900 1171 1118 1266 ampliaverit
1141 1177 1183 1248 ad
1207 1177 1367 1285 privato.-

149 1293 229 1345 rom
260 1267 514 1367 colloqororum
537 1286 576 1338 et
601 1272 810 1364 lcnptorum
832 1265 1134 1364 proltiliitionem,
1157 1268 1221 1344 libr
1248 1292 1365 1353 tamen

148 1368 188 1445 id
226 1361 479 1463 permittendi,
511 1363 635 1459 quibua
666 1359 796 1451 voluit,
836 1363 1011 1440 reservata
1050 1362 1241 1463 potestate:
1274 1369 1364 1446 ficut

125 1486 245 1580 ηοξ
259 1456 499 1630 Dolrninicanis
520 1459 617 1535 iecit.
658 1458 744 1535 vid.
769 1457 923 1535 Rivetua
948 1459 987 1534 iu
1012 1463 1176 1560 Apologia
1197 1481 1256 1559 pro
1281 1465 1366 1542 Ma-

143 1559 447 1756 mp'i'iiliilllv.
470 1649 683 1747 Praecipuae
712 1673 819 1748 porro
843 1648 1018 1746 Deiparae
1039 1648 1209 1751 imagines
1230 1652 1362 1738 summa

145 1777 230 1830 cum
261 1747 456 1825 devotione
490 1745 561 1820 hoc
591 1765 752 1843 tempore
776 1749 855 1822 sunt
878 1749 1011 1838 cultae,
1036 1745 1149 1845 iisque
1173 1755 1278 1827 multa
1302 1754 1364 1839 arl-¹

145 1854 274 1947 scripta
315 1843 500 1929 miracula,
533 1840 587 1916 uti
626 1843 845 1931 Florentino,
877 1843 984 1937 vulgo
1014 1846 1213 1921 adnunciata
1245 1851 1361 1943 dista,

145 1940 409 2023 Montisferrati
439 1937 475 2010 in
506 1937 706 2028 Cauloniae,
730 1937 925 2012 Eremitana
948 1941 982 2010 in
1008 1941 1199 2031 Helvetia,
1223 1938 1260 2016 in
1287 1945 1359 2042 pti·

145 2045 216 2121 mia
244 2041 436 2112 Lauretann
459 2032 496 2108 in
519 2033 636 2125 ltalia,
658 2033 702 2108 de
726 2057 791 2130 qua
817 2033 885 2106 sec.
907 2033 1007 2108 Xlll.
1031 2035 1111 2131 egi,
1136 2037 1296 2114 Halensaa
1321 2057 1359 2117 et
1442 2130 1445 2135 ⁸

143 2135 380 2236 Alpricollir,
400 2130 446 2204 ‹le
477 2131 600 2227 quibua
630 2129 762 2204 duabus
783 2125 966 2226 postremis
990 2152 1011 2201 a
1033 2129 1068 2203 le
1090 2129 1268 2229 inpetrare
1292 2159 1358 2232 po·

144 2239 218 2312 tuit
248 2227 380 2326 Lipfiua
411 2245 450 2300 ut
489 2223 683 2322 scripserit,
707 2243 746 2298 et
777 2223 939 2297 miracula
978 2221 1128 2300 studiose
1158 2227 1355 2327 collegerit:
1462 2272 1466 2284 1

143 2326 300 2423 Halenssr
330 2323 444 2399 sedem
475 2338 572 2396 tenet
594 2320 707 2396 Halae
730 2318 767 2394 in
789 2317 915 2396 finibus
936 2319 1163 2414 Hannoniae,
1188 2347 1255 2420 qua
1278 2347 1357 2402 tan·

141 2429 203 2527 git
233 2421 470 2506 Brabaotiam,
509 2416 617 2492 tertio
644 2416 686 2489 ab
716 2415 802 2491 urbe
823 2414 980 2491 Bruxella
1005 2414 1149 2504 miliari,
1175 2443 1220 2493 eo
1244 2424 1355 2505 transt

142 2529 216 2605 latta
246 2544 265 2595 a
295 2517 449 2615 Sophia,
482 2511 717 2592 Elisabethae.
740 2510 832 2587 filiae
854 2512 1015 2586 Andreae
1041 2515 1085 2586 ll.
1112 2515 1225 2613 Regia
1249 2520 1355 2594 Hun-

141 2617 245 2721 gari,
277 2614 366 2704 filia,
398 2612 467 2687 sec.
501 2609 600 2685 Xlll.
642 2605 833 2703 Aspricollis
861 2625 981 2682 autern
1009 2631 1138 2683 nomen
1168 2615 1275 2688 traxit
1307 2614 1352 2691 ab

140 2703 948 2898 tillill‘altilil‘illntf’llll
971 2703 1351 2897 lilit‘ililln

142 2897 1063 3100 ailina“itli‘tnliita¹⁵1⁸;la.nillil
1085 2899 1353 3070 licilil

139 3100 248 3188 alico,
270 3095 320 3171 ibi
339 3088 534 3180 exstroElo,
559 3088 725 3164 colocata
747 3107 776 3159 a.
804 3090 910 3161 1602.
943 3084 1111 3182 Demque
1134 3085 1279 3188 ingente
1301 3092 1359 3169 la·

137 3198 173 3279 ai
212 3194 296 3277 suna
326 3186 569 3301 superstitione
607 3205 689 3280 erga
718 3179 890 3270 Mariam,
921 3178 1061 3276 Jesuitia
1090 3204 1169 3293 eqni
1198 3186 1353 3297 maxime

140 3275 938 3485 {litiillltnilifannlllitl
957 3275 1363 3483 intinniit:

136 3483 293 3564 cundum
322 3473 472 3554 Mariana
505 3473 556 3548 est
585 3472 781 3546 definitum.
827 3470 963 3542 Martae
992 3486 1098 3542 ettam
1122 3465 1174 3544 est
1196 3473 1362 3554 adtribu-

138 3600 217 3658 tam
248 3574 421 3673 inperium
451 3573 487 3646 in
510 3567 637 3646 Filium
660 3567 777 3640 suurn:
803 3586 870 3638 nec
894 3565 977 3638 ullus
1000 3565 1074 3637 fere
1096 3563 1147 3638 est
1169 3566 1289 3647 titulos
1311 3573 1360 3653 im

142 3671 320 3772 Scriptum
350 3668 573 3840 magnificus,
598 3686 668 3760 quo
699 3661 908 3736 Marianon
931 3656 972 3733 stt
994 3656 1159 3831 insppnita
1180 3681 1217 3739 et
1239 3667 1356 3742 hono.

141 3793 239 3852 rata:
266 3767 354 3843 nihil
384 3789 404 3837 e
443 3820 454 3857 ,
485 3761 579 3860 qood
602 3782 673 3833 non
699 3757 820 3854 poiitt,
845 3777 915 3830 non
939 3778 1048 3830 conce
1074 3777 1122 3835 at.
1174 3758 1262 3837 Vid.
1286 3762 1353 3837 Ri-

141 3888 248 3947 vetua
268 3867 291 3940 l.
316 3864 378 3938 cit.
402 3864 498 3935 inter
522 3853 770 3953 superstitionis
792 3850 888 3949 signa
911 3853 1014 3926 etiam
1038 3853 1108 3945 est,
1141 3856 1233 3953 qood
1252 3876 1352 3953 prae·

140 3968 270 4067 patiant
301 3957 448 4048 Christi,
480 3955 618 4031 Rornae
639 3950 877 4039 adservatum,
910 3947 1063 4049 indeque
1086 3972 1106 4023 a
1127 3949 1258 4043 milite,
1281 3976 1355 4051 quo

141 4083 217 4142 aem
245 4077 304 4129 ore
335 4056 452 4134 Roma
482 4069 584 4150 capta
613 4046 665 4125 eil
696 4070 729 4122 a.
756 4067 862 4144 ¹527·
894 4044 1109 4145 surreptum,
1124 4043 1254 4145 pollac
1276 4071 1365 4146 nar-⁴

1157 4438 1161 4445 i
1396 4269 1473 4538 Ι
