3022 4806
519 580 522 586 ι
625 638 732 718 Semi,
761 635 849 714 XII.
1267 667 1338 739 105

88 816 191 895 Illius
214 812 351 910 interest
387 813 544 915 consulere
569 817 732 904 omnibus,
760 816 912 909 judicare
935 812 973 886 ie
988 817 1153 906 omnibus,
1181 824 1330 898 omnibus

87 916 268 1013 providere.
295 941 347 967 ·-·
372 944 425 969 -·
450 946 503 967 -
529 911 697 1011 Quicquid
728 911 800 1006 ipsu
815 911 976 1005 statuerit
988 912 1156 1007 suscipio,
1188 923 1326 1013 approbo

91 1012 172 1108 qood
190 1011 444 1106 approbaverit,
471 1025 502 1081 et
520 1012 602 1100 qood
614 1013 816 1081 damnaverit
833 1009 958 1080 doiuuo.
1008 1007 1116 1104 Ipstus
1137 1010 1202 1106 est,
1229 1018 1328 1109 oligo.

90 1131 128 1181 re
161 1112 252 1179 nobis
279 1103 469 1200 Pastorem,
509 1122 541 1175 tt
577 1105 769 1201 Episcopum
806 1109 986 1176 animorum
1019 1107 1217 1197 nostrorum,
1251 1131 1321 1185 etc.

92 1201 245 1276 Godefr.
271 1202 416 1277 Viterb.
449 1200 486 1272 iu
517 1198 696 1274 Historiae
727 1200 805 1274 suae
842 1199 1067 1273 dedicatione
1103 1203 1249 1278 Urbano
1273 1206 1321 1282 ΙΙ.

89 1298 202 1386 dicit,
232 1298 353 1394 nullutn
369 1294 614 1391 scripturorum
637 1297 773 1390 elogium
796 1295 882 1388 nosci
909 1291 971 1387 effe
996 1298 1234 1394 authenticum,
1258 1300 1320 1386 nid

91 1398 137 1471 ab
161 1400 233 1492 ejus
262 1387 413 1492 (Papae)
449 1392 636 1486 sapientiae
669 1390 867 1488 fluminibus
896 1390 1083 1482 sttientibus
1111 1400 1318 1490 propinetur,

90 1491 191 1565 addit
214 1489 319 1575 dein,
344 1487 403 1581 ipſs
427 1506 558 1561 terreno
583 1505 616 1560 et
642 1487 791 1583 coelestio
814 1487 973 1559 divinitus
990 1486 1049 1582 effe
1075 1489 1244 1585 commsso.

142 1586 175 1685 ς.
200 1585 397 1658 LXXXIX.
429 1585 513 1676 Nec
539 1603 655 1657 tamen
677 1585 885 1672 defuerunt,
910 1584 968 1677 qui
986 1585 1042 1657 vei
1068 1584 1319 1665 restrinxerunt

90 1683 184 1760 hanc
206 1677 434 1777 potestatem,
468 1679 526 1752 vei
545 1680 579 1752 ei
603 1681 898 1753 contradixerunt.
927 1677 1101 1772 Johannes
1124 1681 1316 1759 saresberi-

90 1778 165 1852 ens.
189 1773 288 1871 epist.
318 1796 396 1868 193.
421 1775 464 1846 ad
484 1774 718 1848 Alexandrum
736 1776 820 1863 111„
836 1771 975 1865 fateor,
1000 1772 1132 1870 inquit,
1158 1797 1189 1850 et
1206 1803 1315 1854 oerum

87 1871 157 1967 eli,
183 1874 290 1946 omnio
315 1868 460 1944 Romano
486 1872 578 1942 liceto
602 1871 774 1964 Pontifici,
790 1869 854 1966 sed
879 1893 918 1944 eo
935 1870 1117 1957 duntaxat,
1143 1897 1223 1968 quoe
1234 1880 1314 1970 jore

86 1974 198 2044 diuino
228 1962 479 2058 Ecciefiostiooe
502 1965 586 2062 suut
619 1965 760 2060 concefflt
791 1967 957 2057 potestati.
1016 1967 1134 2038 Liceat
1166 1974 1196 2039 ei
1230 1994 1313 2044 noua

80 2071 168 2163 jora
193 2064 342 2150 condere,
367 2078 476 2137 vetera
502 2067 681 2158 obrogare,
707 2064 779 2134 dum
805 2080 912 2134 touton
930 2084 990 2149 eu,
1014 2085 1093 2155 quoe
1116 2088 1136 2132 a
1161 2064 1227 2137 Dei
1241 2091 1310 2138 ver·

87 2169 127 2237 bo
150 2167 182 2233 iu
216 2157 397 2251 Euangelio
432 2160 485 2230 uel
514 2159 584 2249 lege
614 2173 802 2251 perpetuam
839 2152 970 2248 causum
1001 2159 1142 2247 habeut,
1185 2177 1310 2236 ozotore

84 2281 149 2330 non
170 2252 276 2350 poffit.
304 2273 374 2327 etc.
428 2251 609 2325 Goffridus
635 2251 831 2327 Vindocin.
854 2251 992 2337 Abbas,
1025 2252 1123 2345 cujus
1146 2248 1309 2348 opuscula

86 2355 204 2427 edidit
228 2347 430 2422 Sirmoudus
463 2370 561 2442 oper.
595 2367 679 2422 tom.
706 2348 794 2434 HL,
838 2365 925 2441 quae
946 2342 1025 2417 sunt
1048 2345 1230 2442 epistolae,
1270 2372 1309 2429 et

84 2450 282 2530 sermones,
322 2461 459 2538 praeter
474 2443 638 2516 nonnulla
663 2441 748 2532 alia,
779 2439 914 2536 Papaiis
937 2440 1120 2535 potestatis
1144 2443 1208 2519 fuit
1231 2450 1308 2545 qui.

83 2545 165 2617 dem
190 2541 338 2614 summus
361 2537 542 2628 defensor,
567 2537 752 2625 libertatis,
786 2534 832 2611 fic
858 2534 993 2626 uiuae,
1018 2537 1214 2629 Ecclefiae,
1248 2546 1307 2620 vel

80 2633 360 2715 Hildebraodiui
387 2631 596 2730 systematis,
625 2633 772 2707 furiosus
796 2632 947 2720 vindex,
983 2633 1241 2731 Episcoporum
1267 2658 1306 2715 et

81 2735 300 2810 clericorum
324 2729 539 2814 autoritatis,
573 2728 630 2802 cui
662 2728 761 2803 Laici
788 2726 967 2820 adsurgere
1001 2730 1153 2820 debent,
1186 2753 1302 2831 patro.

81 2854 148 2906 uus
170 2847 332 2923 magnos,
366 2844 404 2896 ut
427 2823 485 2898 lib.
512 2825 581 2897 IV.
608 2844 663 2991 ep.
689 2847 769 2913 oo,
794 2843 831 2898 et
846 2822 949 2914 alibi,
974 2821 1211 2900 investituram
1238 2829 1304 2905 iai·

81 2951 160 3003 cam
185 2924 277 2997 dixit
304 2919 479 3014 pefflmam
513 2919 688 3010 boetem,
712 2919 783 2993 hoc
808 2919 1035 2992 fundamento
1044 2944 1059 3008 ‚-
1085 2922 1177 3017 quod
1201 2929 1301 2998 hacu-

81 3025 132 3097 lus
154 3037 187 3093 et
204 3017 340 3095 annoto
358 3012 423 3087 fint
443 3013 674 3105 sacramenta,
695 3014 752 3087 vei
770 3014 863 3108 signa
878 3013 963 3086 sacri
990 3015 1163 3108 muueris,
1190 3020 1301 3118 quod·

81 3142 150 3217 que
175 3113 370 3208 Episcopus
403 3108 462 3183 fiat
489 3131 554 3205 per
584 3108 822 3184 investituram
851 3108 990 3182 Laicom
1021 3107 1194 3204 subjeiius
1218 3118 1301 3195 Lai·

81 3218 156 3300 cis3
180 3213 270 3283 adeo
292 3224 332 3280 ut
355 3204 479 3290 laicus,
515 3203 574 3301 qui
600 3204 744 3280 investit
771 3204 964 3296 Clericum,
998 3206 1032 3279 se
1056 3208 1196 3284 Christo
1219 3236 1301 3287 cen·

80 3310 194 3386 suatur
216 3307 334 3378 facete
360 3300 395 3374 su
423 3300 594 3392 umorem,
625 3323 661 3373 et
685 3299 823 3375 Christo
853 3300 1007 3374 adimere
1039 3305 1215 3397 aequalem
1247 3309 1299 3385 di·

83 3406 263 3479 viditatem
285 3422 365 3470 cum
392 3326 514 3470 doure:
540 3398 633 3493 quod
663 3395 714 3470 est
739 3395 970 3471 haereticum.
1019 3396 1164 3475 Nullum
1189 3404 1299 3485 etiam

78 3506 285 3583 decretum,
316 3513 376 3566 aut
394 3490 605 3581 concilium,
632 3510 742 3565 ratum
762 3488 831 3566 effe
861 3490 998 3583 statuit,
1025 3495 1117 3587 quod
1135 3518 1204 3570 noo
1229 3501 1303 3580 fuit

81 3594 196 3689 Populi
232 3589 426 3662 autoritate
457 3587 655 3675 firmatum3
696 3588 746 3659 uti
780 3588 802 3662 l.
834 3587 883 3661 V.
919 3609 975 3677 ep.
1008 3610 1062 3682 13.
1112 3593 1297 3691 Denique,
1326 3609 1329 3614 ’

75 3691 170 3792 quod
195 3687 318 3762 obiter
348 3701 509 3767 notetur,
552 3683 680 3776 primus
708 3681 778 3766 est,
820 3681 879 3778 qui
911 3682 952 3755 ad
980 3681 1036 3778 jus
1069 3684 1235 3782 Paparum
1260 3692 1298 3772 in

77 3792 220 3882 Reges,
255 3801 297 3852 et
325 3777 468 3850 summas
493 3776 707 3865 Potestates,
743 3776 1005 3867 stabiliendum,
1036 3779 1155 3878 inepta
1177 3807 1214 3859 et
1238 3793 1298 3863 ab·

74 3886 173 3960 surda
202 3876 283 3954 usus
315 3872 368 3948 est
400 3870 586 3966 allegoria,
625 3875 755 3945 duorum
781 3874 959 3968 gladiorum
992 3873 1030 3947 iu
1068 3900 1170 3954 manu
1200 3883 1297 3958 Petri

75 3983 163 4053 Luc,
188 3971 336 4056 xxm,
360 3988 398 4040 et
415 3966 500 4047 diui
516 3967 645 4042 Christi
662 3968 704 4066 ad
726 3990 832 4059 eum,
858 3991 937 4042 cum
961 3968 1109 4062 gladium
1136 3995 1298 4068 tempore

60 4160 63 4164 ³
70 4073 234 4176 passionis
259 4063 396 4140 Christi
420 4061 632 4157 strinxisset,
656 4088 725 4165 quo
747 4064 856 4157 juiius
878 4062 948 4155 est,
974 4065 1125 4163 gladium
1149 4070 1300 4149 inlocum

120 4170 207 4248 Tom.
236 4161 306 4240 VI.
725 4161 761 4236 0
1199 4159 1304 4264 suum⁴
