3022 4806
126 615 211 691 aar·
477 536 640 676 ⁸ennon
663 576 792 677 terras.
821 577 959 678 capg

128 771 193 848 xl.
226 760 262 839 in
302 754 483 854 Gregorio
511 752 596 826 Vll.
634 752 791 847 exposui.
842 752 926 848 Quo
961 756 1110 853 utroque
1138 750 1356 832 'fundamen

130 892 171 941 to
205 863 324 956 Reges
359 855 486 931 Garnae
516 849 572 944 jur
610 858 755 946 regaliter
786 848 927 947 semper
961 838 1185 942 exercuisse,
1225 859 1355 949 probat

132 961 275 1040 Natalis
298 948 499 1027 Alexander
528 944 573 1016 ad
599 946 669 1019 hoc
694 950 760 1023 sec.
808 967 846 1035 5·
871 947 1134 1020 Beneficiorum
1159 972 1246 1022 vero
1282 950 1355 1041 plu·

139 1061 278 1140 relatas,
311 1045 460 1120 maxime
488 1040 695 1134 quibuscum
719 1039 909 1135 conjundla
934 1064 1007 1116 erat
1028 1041 1221 1117 animarum
1258 1064 1358 1128 cura,

134 1170 172 1226 et
205 1143 413 1222 residentiae
437 1134 635 1231 neceIIltae,
661 1137 766 1213 variis
789 1137 1003 1230 ctuouibur,
1027 1155 1067 1210 et
1089 1137 1265 1228 decretis,
1290 1136 1361 1211 suit

138 1250 309 1324 damnata.

646 1425 851 1502 SYNODI.

68 1658 71 1665 ¹
186 1626 219 1721 d.
245 1619 412 1697 CCVIII.
438 1616 528 1702 Tria
554 1615 623 1691 hoc
642 1615 757 1705 seculo
781 1614 952 1689 celebrata
967 1612 1045 1691 sont
1068 1616 1224 1692 concilia
1243 1618 1404 1693 Geneae

144 1724 247 1810 ralia,
278 1738 366 1811 quae
390 1713 540 1788 nostram
574 1732 752 1787 merentur
778 1710 1039 1802 adtentionem,
1073 1717 1165 1807 apud
1194 1713 1405 1801 Latinos,

143 1811 375 1892 Lateranense
397 1811 465 1884 IV.
490 1806 726 1901 Lugdunense
755 1809 783 1883 1.
808 1825 844 1879 et
867 1807 915 1878 Is.
966 1807 1120 1881 PrIntum
1148 1808 1219 1881 suit
1242 1812 1285 1881 ab
1304 1811 1405 1882 tna

148 1911 319 1989 nocentio
347 1907 410 1978 III.
435 1926 466 1976 a.
498 1900 763 1996 1213.,rnilsrr=
801 1900 1046 1997 naquaversurn
1071 1903 1221 1990 litteris,
1247 1902 1405 1977 indic-³

150 2026 249 2095 tum,
282 2001 360 2098 post
384 1999 473 2072 duos
495 2019 603 2071 annos
635 2016 673 2070 et
691 1995 773 2071 dimi
800 1997 871 2069 ‘nm
899 1998 1094 2072 habendum
1130 1998 1294 2087 Romae,
1324 1997 1359 2079 iu
1386 2036 1405 2061 a

149 2104 292 2180 Basilica
319 2091 562 2182 Lateraneusr‚
587 2092 698 2167 tribur
721 2093 766 2168 de
789 2091 917 2179 musta,
953 2091 990 2166 in
1017 2093 1146 2166 litteris
1172 2093 1357 2259 engreffis,

151 2196 418 2293 recuperatione
461 2208 574 2264 terrae
605 2187 778 2277 Sanctae,
817 2185 1073 2283 exstirpatione
1107 2188 1216 2260 haere
1231 2211 1303 2262 rum
1324 2208 1362 2262 et
1400 2204 1405 2241 ἑ

152 2296 445 2373 haereticorum,
492 2307 535 2358 ac
566 2284 750 2357 universali
790 2282 958 2357 Ecclesiae
989 2281 1257 2358 reformatione.
1305 2283 1363 2358 Ad

154 2384 251 2483 quod
283 2381 409 2479 jussum
444 2377 593 2471 ingente
628 2399 769 2449 numero
801 2397 974 2450 venerunt
1003 2377 1156 2452 Praelati*
1185 2378 1361 2470 Romam,

155 2503 223 2577 qua
239 2471 495 2558 Ecclesiastici,
518 2494 584 2567 qua
600 2469 783 2561 seculares,
808 2495 837 2545 a.
865 2494 994 2562 1215,
1021 2496 1090 2569 quo
1105 2495 1200 2546 anno
1226 2472 1363 2568 incepit

155 2573 275 2648 mense
310 2568 508 2642 Novembr.
556 2566 648 2656 Papa
688 2568 880 2661 praesedit,
923 2569 1154 2641 interfuerunt
1197 2569 1366 2645 Oratores

158 2663 268 2760 Regis
290 2662 450 2747 Siciliae,
486 2677 569 2732 tunc
595 2659 836 2736 Romanorum
862 2662 988 2758 Regis,
1023 2663 1241 2758 Inperatorir
1271 2668 1366 2739 cro·

157 2760 274 2851 lirani,
293 2760 433 2853 Regum
451 2753 604 2842 Galliae,
623 2756 791 2851 Angliae,
818 2758 1044 2852 Hungariae,
1071 2756 1365 2858 Hierosolymae,

160 2859 293 2957 cypri,
327 2872 363 2927 et
388 2851 603 2946 Arag'oniae:
637 2870 814 2946 praeterea
847 2852 1065 2927 Patriarchae
1092 2857 1298 2930 csolitanur
1330 2876 1368 2928 et

162 2947 524 3047 Hierosolymitanus,
558 2946 663 3041 legati
688 2969 774 3021 vero
800 2946 1016 3022 Antiocheni
1045 2969 1082 3022 et
1114 2952 1369 3043 Alexandrini,

162 3049 334 3127 Primater
357 3059 395 3116 et
422 3040 685 3136 Metropolitani
711 3043 926 3140 septuaginta
950 3045 1103 3138 septem,
1128 3047 1302 3143 Episcopi
1319 3050 1377 3123 su·

188 3167 226 3218 ra
251 3162 356 3231 412„
382 3138 540 3210 Abbater
572 3154 608 3210 et
632 3138 768 3214 Priorer
796 3142 881 3212 ultra
909 3147 992 3218 800.
1045 3137 1253 3215 Absentiam
1272 3145 1373 3219 Prae·

160 3168 312 3314 fatorum
340 3252 377 3306 et
411 3231 649 3328 capitulorum
680 3256 923 3328 procuratores
953 3232 1139 3309 innumeri.
1193 3239 1277 3313 Fuit
1309 3241 1376 3315 ita·

162 3358 230 3435 que
252 3325 429 3405 inmensus
453 3327 667 3423 undiquaque
686 3329 895 3414 confluxus,
927 3349 964 3401 et
984 3329 1006 3402 fi
1026 3331 1152 3405 Graeci
1178 3355 1220 3405 ac
1248 3338 1375 3410 Orien·

164 3432 269 3517 tales,
303 3426 361 3524 qui
395 3445 476 3498 com
507 3422 658 3497 Ecclesia
694 3425 820 3499 Latina
851 3423 1120 3514 dissentiebant,
1159 3427 1370 3525 adfuissent,

165 3519 422 3607 OecumenIca,
441 3516 576 3593 summo
590 3519 720 3615 gradu,
738 3519 857 3595 haberi
874 3519 1057 3616 potuisset,
1078 3544 1190 3610 nunc,
1216 3549 1287 3620 pro
1304 3526 1371 3602 Ec·

165 3619 286 3697 clefiae
313 3616 461 3689 Latinae
484 3615 667 3688 universali
692 3618 877 3711 quominus
900 3615 1122 3714 agnoscatur,
1152 3620 1237 3694 nibil
1265 3623 1368 3719 inpe-

165 3715 236 3802 dit3
271 3711 427 3803 soletque
451 3731 472 3781 a
495 3709 625 3782 Latinis
652 3710 815 3805 adpellari
843 3711 1118 3788 Oecumenicum
1143 3715 1373 3796 duodecimum.

167 3805 327 3890 Historia
354 3801 485 3900 Synodi
516 3824 560 3877 ex
589 3808 727 3879 Abbate
753 3804 1011 3902 Urspergense,
1045 3828 1080 3881 et
1103 3813 1294 3887 Matthaeo
1312 3817 1375 3890 Pa·

160 3902 323 3988 ristense,
346 3895 541 4012 ‘praecipue
576 3897 832 4008 petendauest,
866 3921 904 3975 et
937 3927 1090 3978 canones
1130 3906 1373 4005 septuaginta,

166 4002 227 4079 hic
248 3996 406 4082 conditi,
432 4014 470 4066 tn
497 4009 603 4069 tornu
627 3993 865 4072 Conctltnrunt
882 3998 1125 4097 reperiuntur,
1151 4003 1258 4077 etiam
1277 4009 1372 4083 apud

159 4088 503 4198 Magdeburgenser,
530 4110 667 4167 centur.
685 4087 787 4171 XIII.
805 4158 809 4165 .
1186 4096 1220 4197 q.
1244 4088 1370 4177 cclx.
