2976 4830
121 622 197 700 430
511 590 668 693 inflatia·
683 580 810 691 Eratos.
835 587 956 692 (irrisi.

119 775 251 884 scafis,
275 775 335 849 stu
365 772 410 847 de
437 769 610 878 Lebriiqa,
637 770 694 866 qui
711 770 940 845 salmanticae
955 792 996 847 ac
1013 770 1193 875 Comploti
1208 769 1340 861 docuit,

131 880 192 954 l'ub
218 871 377 968 auspiciis
401 869 586 940 Cardinalit
603 868 781 957 Ximeuii,
804 866 949 964 insignia
972 871 1167 948 litterarum
1193 892 1231 947 et
1255 873 1339 946 litte·

134 992 288 1051 tatarum
315 964 481 1051 fautoris,
521 985 540 1034 a
565 986 635 1058 quo
656 965 763 1035 etiam
787 961 829 1036 iis
858 963 928 1039 fuit
951 964 1166 1058 adsociatue,
1207 967 1267 1066 qui
1288 962 1337 1037 lli·

134 1069 281 1147 bliorum
314 1056 611 1155 complutensium
643 1059 836 1131 editionem
867 1060 1118 1156 procurarunt:
1155 1068 1248 1137 unde
1277 1078 1337 1149 tter

134 1157 369 1243 Nebriliensie
398 1160 636 1249 quinquagenae
667 1152 746 1226 sunt
777 1175 877 1228 ortae
906 1150 1043 1229 locatitia
1073 1162 1265 1256 Scripturae
1285 1178 1335 1230 naa

133 1261 316 1354 vulgariter
339 1268 584 1339 narratarum,
610 1251 668 1322 seu
692 1247 833 1323 criticae
849 1252 1090 1347 responsiones
1111 1259 1152 1328 ad
1178 1250 1334 1354 quaestio,-

137 1379 202 1432 nea
226 1351 392 1435 Bioneis,
417 1367 567 1516 quarum
592 1347 694 1420 tertia
719 1345 961 1443 quinquagena
986 1367 1121 1423 tantum
1143 1351 1277 1441 exstat,
1303 1349 1335 1425 iii

137 1447 281 1535 iniuriis,
306 1443 353 1517 sic
378 1441 413 1515 di
451 1447 499 1531 i'i,
524 1439 690 1531 criticis,
714 1459 751 1512 ct
773 1438 923 1517 seorsim.
973 1446 1085 1518 Prima
1112 1449 1207 1520 enini
1235 1467 1272 1523 et
1292 1442 1335 1533 st&

137 1545 252 1622 cunda
273 1537 324 1613 est
350 1561 414 1634 per
436 1536 656 1633 Inquisitores
680 1537 871 1646 suppressa:
898 1530 1009 1634 qnid?
1032 1542 1124 1637 qnod
1149 1543 1214 1641 ipsi
1234 1528 1335 1617 alta

138 1640 203 1717 nio
229 1635 401 1709 haeresios
424 1636 559 1708 crimen
581 1633 790 1728 inputarint3
823 1639 915 1728 qaod
941 1636 1154 1709 Hebraicam
1181 1656 1219 1713 et
1242 1636 1337 1719 Grae,-

138 1757 216 1812 etin
240 1733 418 1806 excoleret
449 1731 699 1815 litteraturam,
730 1745 767 1798 et
794 1727 862 1801 sola
886 1737 971 1804 artis
986 1726 1246 1808 'Grammaticae
1262 1730 1337 1830 fidae

133 1836 191 1911 aia
216 1830 429 1923 Scriptorum
459 1823 706 1919 adgrederetur
732 1824 927 1920 explicare,
965 1820 1018 1899 ti'ti
1053 1825 1091 1902 in
1126 1822 1340 1926 a'poiogiaad

140 1925 361 2006 Ximenium·
381 1919 502 1992 refert.
553 1917 749 1990 Defundius
789 1916 840 1990 est
872 1941 901 1993 a.
948 1944 1052 2012 1522.
1090 1923 1242 2021 ..Scripta
1283 1924 1342 2022 ejut

140 2026 226 2101 licet
249 2022 292 2094 ad
320 2020 547 2092 litteraturam
573 2015 763 2111 praecipue
789 2012 966 2109 spetiem,
998 2017 1106 2092 edidit
1141 2040 1260 2097 tamen
1289 2015 1341 2094 eti·

140 2142 221 2209 am,
247 2134 386 2213 praeter
411 2111 572 2186 homilias
596 2111 740 2205 aliquot,
775 2131 863 2202 opus
886 2109 1088 2207 historicum
1112 2114 1159 2188 de
1182 2120 1302 2206 rebus,
1322 2122 1342 2199 1,

141 2210 364 2290 Fetdinando
388 2226 422 2280 et
450 2207 674 2295 Elizabetlia‚
707 2204 954 2373 Hispaniarum
979 2208 1139 2304 regibus,
1160 2210 1284 2311 'gestia
1304 2204 1343 2285 us·

139 2304 333 2408 quenda.
362 2326 489 2395 1509„
514 2306 675 2373 necnon
703 2303 747 2371 de
800 2300 865 2373 ello
893 2302 1107 2380 Navarrensi
1142 2328 1264 2383 contra
1291 2306 1344 2403 1⁰}

140 2407 294 2480 liannem
319 2401 497 2471 Navarrae
521 2397 711 2489 Regem-a,
739 2416 844 2482 [5123
1316 2462 1319 2466 q

192 2497 224 2595 l·
251 2492 525 2566 CCCLXXXV·
551 2491 651 2561 later‘
682 2490 884 2585 scripturae
916 2492 950 2564 s.
992 2515 1271 2583 commentatores,
1302 2493 1341 2569 de

140 2595 267 2691 quibus
298 2609 402 2686 agere
437 2584 592 2681 incipio,
625 2584 817 2682 principem
851 2588 990 2663 obtinet
1023 2593 1143 2668 locuni
1174 2590 1341 2689 Aiplansur

149 2687 325 2788 Tojlaras,
358 2683 551 2775 HisP³⁰⁰⁸s
583 2682 647 2776 qui'
669 2682 800 2754 litteras
822 2699 858 2756 et
891 2704 982 2757 atter
1012 2684 1171 2765 liberales
1204 2693 1346 2788 primurn

144 2785 271 2863 docuit
295 2778 542 2868 salmanticae,
568 2776 647 2850 deiri
670 2777 699 2849 li
726 2778 1082 2879 iscopusilbulensis,
1108 2806 1146 2858 et
1163 2782 1347 2885 Regiase3

141 2877 350 2959 arctioribus
374 2874 522 2948 consiliis
546 2872 625 2946 suit.
714 2873 744 2946 ir
769 2873 915 2944 habetur
939 2872 1034 2950 omni
1054 2878 1278 2955 scientiarum

143 3000 230 3055 nere
257 2969 539 3056 instructurum,
572 2968 723 3040 summae
750 2966 973 3077 diligentiae,
1012 2992 1049 3046 et
1075 2964 1268 3051 memoriae

146 3071 302 3171 pendae,
337 3065 394 3138 coi
418 3066 506 3139 ”ihil
535 3063 687 3160 unquam
713 3062 867 3155 ⁶¹⁶id¹²²
901 3063 1048 3167 Hispani
1068 3068 1185 3173 ipsum
1211 3074 1282 3149 hoc
1303 3088 1350 3159 01:

146 3182 273 3242 natuiit
295 3158 425 3256 elogio.
828 3192 832 3197 .
1159 3166 1163 3179 .

157 3394 160 3399 -
247 3354 316 3428 Hic
335 3348 445 3450 [lupar
467 3348 514 3448 est
538 3351 666 3439 nandi,
699 3351 753 3444 qni
766 3347 887 3446 scibile
910 3348 1042 3448 discutit
1069 3378 1171 3439 omne.

147 3550 247 3628 itura
277 3543 389 3640 spatio
421 3541 551 3640 viginti
586 3540 730 3617 duorum
759 3563 928 3619 armorum
962 3544 1118 3642 scripsit,
1145 3564 1266 3650 'quam
1288 3554 1354 3655 φῇ

150 3669 215 3746 per
238 3657 386 3714 aetatem
412 3640 523 3731 legat,
556 3639 610 3711 vel
632 3638 749 3731 legere
772 3640 867 3715 velit.
915 3642 1061 3717 Exstant
1086 3657 1352 3729 commentario·

150 3765 228 3818 rum
253 3736 326 3831 ejus
353 3735 388 3807 in
414 3735 622 3826 Scriptorum
645 3735 679 3808 S.
695 3734 867 3823 ·27·toitii
899 3736 934 3810 iri
961 3739 1059 3826 iot,
1105 3766 1174 3817 una
1199 3770 1276 3825 cum
1296 3734 1348 3823 iai

149 3837 304 3922 dicibua,
330 3847 365 3902 et
389 3826 561 3925 opusculis
583 3827 665 3923 ejus.
706 3832 839 3904 Nitote
863 3855 931 3907 non
958 3853 1092 3910 tantuna
1116 3858 1217 3917 caret
1240 3839 1348 3931 ullu,

146 3934 204 4010 sed
235 3948 272 4004 et
304 3948 414 4025 genus
445 3925 706 3998 commentandi
741 3923 793 3999 cst
819 3927 924 4004 nimia
947 3928 1129 4018 diffusum,
1168 3937 1353 4039 multisque

144 4024 395 4133 quaestiouibtu
418 4021 601 4103 rescitum.
652 4020 757 4103 Obiit
786 4045 818 4102 a.
845 4048 951 4121 1454.
974 4025 1130 4106 Medeai
1164 4033 1237 4112 ha'c
1258 4030 1357 4139 parte*

1236 4136 1356 4209 metm!
