3022 4806
551 623 860 720 Udorum.
947 743 951 751 1
1064 631 1066 636 ’
1310 632 1365 726 65

139 801 204 896 est,
235 825 275 881 et
307 802 580 904 Episcopatunm
614 828 656 881 ac
687 806 912 882 Abbatiarum
944 820 1083 879 tantum
1114 802 1349 882 investiturae

138 901 211 975 snut
236 903 369 977 vetitae
392 901 531 994 Laicis,
570 902 660 977 teste
683 899 841 977 Helsone
871 899 1096 975 scholastico.
1144 903 1250 978 Nulla
1281 902 1348 977 ita·

138 1019 201 1095 que
223 998 344 1073 fuisset
367 996 607 1092 inperatorem
632 996 963 1073 excommunicandi
987 994 1099 1082 ratio,
1133 995 1157 1069 fi
1181 1020 1264 1071 vera
1295 997 1351 1071 fo·

136 1115 187 1166 ret
209 1094 405 1168 Hovedeni
430 1095 604 1183 narrati03
628 1094 700 1191 ipse
723 1116 862 1189 quoque
886 1090 1110 1181 Ludovicur‚
1137 1095 1352 1168 Francorum

137 1189 235 1281 Rex,
264 1189 324 1288 qui
349 1189 510 1282 praesens
532 1188 665 1279 adfuit,
679 1188 852 1285 feudorum
874 1206 911 1259 et
935 1186 1112 1281 Regulium
1135 1186 1352 1263 investiturae

136 1288 296 1361 retinuit.
336 1283 525 1381 Quicquid
550 1286 613 1358 hac
635 1287 680 1360 de
704 1307 741 1357 re
765 1284 828 1372 fit,
862 1305 940 1356 cum
974 1284 1158 1376 inperator
1192 1283 1353 1377 videret,

138 1403 249 1456 totam
274 1379 459 1454 Saxonum
485 1402 607 1454 contra
630 1381 666 1455 se
690 1397 923 1469 commotam,
956 1395 992 1449 et
1015 1378 1194 1477 Principes
1217 1379 1260 1452 ad
1293 1402 1356 1489 pa·

136 1501 213 1553 cem
237 1475 432 1565 inclinare,
467 1477 676 1550 toturnhoc
700 1474 885 1570 negotium
920 1473 1144 1568 Optimatum
1177 1475 1354 1550 commrsrt

135 1573 292 1670 judicio,
333 1568 472 1667 seseque
497 1572 539 1645 ad
564 1594 683 1665 pacem
717 1590 855 1668 quoque
898 1591 1048 1664 pronum
1086 1569 1354 1647 demonstravit.

136 1673 327 1744 Conventu
352 1666 468 1762 itaque
499 1666 721 1741 Wormatiae
744 1690 776 1742 a.
814 1684 921 1740 1122.
955 1664 1105 1754 indicto,
1141 1664 1197 1739 cui
1226 1667 1278 1738 Le
1303 1667 1354 1742 ati

140 1767 250 1860 Papae
269 1762 476 1846 adsuerunt,
500 1760 538 1834 in
562 1762 653 1836 hanc
676 1761 825 1836 formam
849 1757 901 1832 est
927 1774 1165 1850 conventum,
1193 1780 1229 1834 ut
1294 1783 1356 1837 en·

141 1863 238 1938 rictrr
272 1856 511 1933 investituram
537 1881 601 1952 per
626 1861 779 1934 annulum
807 1873 843 1929 et
873 1858 1027 1930 baculum
1062 1856 1285 1949 dimitterer,
1318 1859 1358 1934 li'·

135 1960 331 2051 ,heramque
355 1954 393 2027 in
420 1953 579 2026 omnibus
609 1952 774 2027 Ecclesia
798 1949 1015 2025 velectionem
1049 1970 1086 2025 et
1121 1951 1359 2027 consecratio·

141 2074 222 2146 pem
244 2050 327 2123 fieri
354 2044 584 2137 concederet,
620 2047 775 2123 Callistus
800 2069 888 2118 vern
914 2047 1007 2143 Papa
1032 2066 1232 2142 pateretur,
1267 2049 1361 2123 elec·

144 2149 280 2222 tionem
306 2143 404 2233 fieri,
455 2143 611 2218 raesente
635 2146 859 2239 inperatore,
884 2140 955 2214 stne
980 2141 1137 2214 Simonia
1168 2164 1205 2216 et
1224 2142 1363 2218 violen-

146 2247 217 2331 tia,
238 2260 278 2314 et
303 2258 342 2311 nt
369 2239 422 2311 ele
462 2236 470 2249 '
497 2239 625 2336 regalia
649 2241 692 2312 ab
719 2239 921 2332 inperatore
945 2256 1008 2331 per
1024 2234 1195 2331 sceptrum
1222 2240 1362 2335 recipe·

149 2352 245 2428 rent,
270 2333 432 2431 exceptis
456 2331 521 2423 iia,
545 2356 634 2430 quae
661 2333 703 2408 ad
729 2331 922 2405 Romanam
945 2334 1132 2427 pertinent
1156 2332 1360 2413 Ecclesiam.

147 2430 231 2508 Vid.
259 2432 381 2503 Abbar
416 2426 680 2526 Urspergensra,
712 2447 751 2504 et
784 2425 997 2502 Wilhelmur
1029 2428 1363 2509 Malmesburiensra.

146 2529 223 2628 Qua
253 2525 391 2599 ratione
415 2523 526 2619 Papa,
560 2526 702 2601 ratione
729 2523 883 2597 muneris
902 2520 1151 2614 Ecclefinstici,
1181 2525 1366 2601 investiret

144 2622 307 2698 inculpet
324 2619 461 2708 annulo,
488 2622 672 2715 luperator
698 2643 808 2709 vero,
834 2617 971 2695 ratione
997 2617 1181 2693 feudorum
1206 2620 1365 2717 lnperii,

144 2740 205 2819 per
228 2715 411 2815 sceptrum.
462 2716 549 2790 Vid.
577 2717 769 2798 schilterus
794 2714 840 2788 de
873 2715 1022 2788 libertate
1046 2714 1265 2807 Eccsesturum
1286 2719 1365 2789 Ger·

146 2840 230 2890 mun.
264 2813 289 2886 l.
322 2813 390 2887 lV.
442 2809 558 2906 Quare
587 2831 706 2886 autem
740 2831 803 2906 per
830 2807 998 2905 sceptrum
1031 2808 1067 2882 id
1102 2810 1179 2883 lieri
1215 2810 1366 2886 voluerit

145 2913 257 3008 Papa,
291 2930 363 2983 non
387 2907 475 2988 adeo
499 2903 649 2981 constat:
683 2907 799 2995 sorte,
833 2906 913 3002 quia
938 2927 1000 2999 per
1023 2903 1197 2998 sceptrum
1224 2906 1366 2980 confer·
1486 2999 1488 3002 Α

148 3008 179 3083 ti
203 3002 428 3098 Principatnr
448 3000 496 3075 ibi
523 3001 634 3076 morir
658 3022 745 3076 tunc
771 3006 855 3075 era't.
903 3001 972 3073 Sed
1006 2998 1138 3075 saelum
1170 3000 1276 3075 etiam
1308 3001 1367 3077 ali·

148 3101 290 3200 quando
316 3096 368 3171 est
392 3119 456 3195 per
486 3121 633 3187 crucum,
658 3094 779 3194 postea
813 3094 960 3170 invaluit
986 3117 1052 3192 per
1075 3097 1236 3191 gladium.
1277 3097 1365 3175 Vid.

151 3199 336 3274 Boehmer.
360 3193 435 3290 Jur.
457 3193 591 3268 Eccles.
615 3195 638 3268 1.
663 3194 730 3266 lll.
755 3192 811 3268 tit.
840 3215 897 3267 20.

194 3293 228 3391 ᾗ.
255 3290 360 3364 LVI.
398 3289 489 3362 Pace
528 3290 600 3363 hoc
633 3292 743 3363 modo
776 3288 886 3377 salla,
916 3294 966 3363 'et
999 3289 1161 3363 Henrico
1190 3288 1370 3383 absoluto,‘

153 3386 420 3464 celeberrimum
459 3385 541 3458 illud
583 3384 774 3458 concilium
815 3383 1112 3475 Oecnmenicum„
1133 3386 1369 3463 Lateranense

156 3487 184 3560 1.
206 3510 225 3559 a
246 3485 341 3578 Papa
364 3500 599 3555 convocatum
625 3477 678 3552 est
701 3502 732 3554 a.
760 3501 887 3573 1123..
912 3480 953 3554 ad
982 3480 1073 3575 quod
1093 3480 1220 3576 Legati
1238 3482 1373 3556 Henri·
1470 3504 1472 3506 ·

158 3581 193 3654 ci
218 3582 295 3653 sunt
323 3575 487 3665 invitati,
519 3595 558 3648 et
580 3575 615 3648 in
642 3598 713 3671 quo
736 3592 851 3658 totum
881 3575 953 3648 hoc
975 3575 1156 3670 negotium
1186 3577 1372 3666 confirma·

153 3696 230 3752 tum
253 3671 326 3762 est,
361 3692 400 3744 et
423 3669 565 3767 penitus
588 3669 742 3744 finitum·
791 3669 1026 3745 Lateranense
1049 3672 1240 3766 adpellatur
1264 3699 1283 3746 a
1308 3673 1388 3748 Bai

159 3772 246 3846 silica
269 3772 346 3865 ejur
372 3765 545 3857 nominis,
580 3765 640 3840 ubi
663 3763 713 3839 est
737 3765 916 3856 habitum,
949 3768 1179 3840 Lateranense
1211 3772 1372 3862 primum,

161 3868 234 3965 quia
268 3863 591 3941 Oecume'nicorum
625 3862 662 3936 in
699 3860 896 3935 Occidente
926 3866 1176 3937 celebratorum
1209 3864 1277 3938 fuit
1303 3867 1374 3956 pri·

161 3988 259 4052 mum,
284 3962 369 4034 alian
394 3955 518 4031 ordine
542 3957 818 4032 oecumenicum
842 3958 987 4033 leum.
1031 3959 1212 4057 :Indicium
1246 3959 1374 4036 effe-a

166 4057 262 4154 Papa,
286 4059 432 4135 litterae
460 4052 535 4149 ejus
558 4053 601 4130 ad
623 4055 814 4130 Hemicum
838 4053 1017 4134 testantur.
1066 4057 1125 4130 De
1151 4077 1243 4129 anno
1269 4074 1374 4144 1123.

164 4229 170 4245 ,
212 4152 293 4235 Tum.
323 4150 396 4231 VI.
440 4228 445 4239 ,
649 4252 654 4261 ,
776 4151 799 4242 l
1242 4145 1379 4243 ⁶⁰¹²st⁴ll
