3022 4806
126 623 197 698 106
507 611 653 714 inflatia
676 607 813 714 Eccles(
830 614 943 715 Citrifl.

123 795 230 897 sunm
255 796 405 889 redimere
429 796 536 870 Matr.
563 795 725 884 XXV1.;
749 818 817 892 qua
841 791 924 868 iliud
948 790 989 866 ad
1010 790 1185 892 duplicem
1205 790 1354 895 potesta·

134 913 227 981 tem,
254 893 465 990 spiritualem
484 912 518 964 et
545 892 708 980 civilem,
728 894 834 965 Petro
849 888 1065 981 conceffam,
1080 892 1270 989 adplicuit,
1296 914 1358 966 ex-

136 989 419 1063 commnnicnndi
446 1011 661 1084 perunum,
688 1007 725 1059 et
750 984 956 1075 occidendi,
984 988 1040 1059 vel
1063 1011 1194 1082 pot-nat
1218 1008 1360 1082 tempo·

136 1090 222 1159 raies
249 1085 457 1181 infligendi,
477 1108 538 1180 per
563 1087 706 1156 alterum
724 1082 898 1172 gladium,
923 1080 981 1155 sed
996 1080 1064 1170 ita,
1082 1102 1121 1155 ut
1136 1084 1273 1180 priora
1291 1086 1358 1158 Pe·

137 1202 193 1255 tro
210 1181 285 1276 ipso
303 1180 584 1267 administretur,
611 1177 785 1272 posterior
802 1201 820 1252 a
836 1173 1010 1250 Potestate
1025 1178 1147 1269 civiti,
1171 1181 1214 1253 ad
1232 1201 1361 1254 nutum

135 1298 172 1351 et
193 1277 317 1372 julium
343 1277 459 1361 Petri,
492 1298 561 1371 qtro
588 1276 694 1348 traxit
736 1272 978 1348 redudiionem
1008 1271 1111 1367 gladii
1138 1276 1288 1350 aPetro
1321 1277 1361 1348 in

136 1372 320 1467 vaginam,
361 1369 427 1443 acsr
452 1368 565 1443 sensus
588 1367 693 1459 ess'et,
729 1387 767 1442 tu
791 1392 837 1443 eo
862 1391 936 1442 non
969 1367 1078 1442 uteris
1100 1370 1265 1466 amplius,
1298 1369 1361 1446 sed

138 1470 176 1545 in
201 1491 257 1540 tna
283 1465 457 1559 potestate
482 1464 569 1554 erit,
609 1462 657 1538 itr
684 1482 720 1538 ut
749 1462 911 1560 Princeps
944 1460 1039 1536 usum
1066 1464 1141 1558 ejus
1163 1489 1182 1538 a
1206 1487 1242 1540 te
1267 1466 1361 1540 reci·

139 1565 225 1662 piat.
280 1562 363 1636 Vid.
389 1563 516 1656 Opust.
544 1561 636 1649 1V.,
664 1560 795 1729 etHoh.
822 1560 995 1634 saresber.
1020 1559 1180 1634 Policrrt.
1206 1564 1228 1636 1.
1251 1564 1360 1656 Vr'3.

141 1661 199 1734 Ab
235 1659 306 1731 hoc
348 1679 510 1753 tempore
549 1656 585 1728 in
617 1679 661 1728 eo
720 1654 837 1728 undati
869 1651 989 1750 coepit
1024 1653 1174 1748 potestas
1203 1658 1360 1753 Papaiir,

140 1774 179 1828 ut
202 1775 237 1828 et
259 1752 347 1826 fecit
371 1753 560 1848 Gregorius
580 1752 644 1826 tx.
671 1750 738 1824 sec.
763 1750 862 1824 xsst.
887 1747 925 1822 in
951 1748 1049 1844 epist.
1076 1751 1119 1824 ad
1136 1750 1360 1847 Archiepisc.

145 1853 381 1935 Graecorum,
414 1849 505 1944 apud
532 1846 665 1920 Matth.
692 1843 792 1919 Paris.
824 1868 855 1919 a.
884 1851 986 1937 1238.
1039 1843 1114 1919 Hic
1138 1847 1213 1943 ipse
1240 1868 1362 1926 tamen

141 1944 324 2022 Gnffridns
344 1947 380 2016 in
406 1943 580 2030 opusculis
610 1940 758 2029 adserit,
783 1942 906 2035 Papam
924 1939 1013 2013 nihil
1038 1937 1155 2036 posse,
1181 1940 1244 2017 nifi
1266 1946 1364 2042 quod

145 2046 345 2138 Ssriptnrae
368 2037 571 2112 definitioni
589 2035 781 2124 convenit,
808 2058 844 2110 et
866 2034 960 2131 quod
986 2037 1107 2110 Petrus
1130 2039 1267 2134 potuit,
1298 2043 1361 2139 qui

144 2136 387 2224 comedit-ne,
424 2155 501 2208 uta
531 2135 654 2223 Pau10,
688 2125 854 2207 nonfuit
880 2128 1046 2222 superior.
1098 2131 1286 2225 Ceterum,
1320 2155 1362 2213 ιιι

144 2237 226 2312 iilnd
252 2235 312 2306 hic
337 2235 453 2305 obiter
475 2228 679 2316 observem,
712 2227 878 2323 aliquem,
913 2224 994 2298 litet
1016 2230 1054 2300 io
1080 2225 1149 2300 iide
1173 2253 1212 2304 et
1235 2231 1363 2307 ritibus

143 2332 384 2411 diffidentem,
419 2323 714 2396 excommunicari
743 2343 810 2393 non
837 2319 932 2409 vult,
966 2320 989 2394 fi
1015 2323 1270 2402 moitittrdinem
1297 2329 1360 2402 ha·

147 2430 225 2499 bert
250 2418 546 2503 consentientem,
572 2440 617 2492 ne
643 2417 703 2487 fiat
721 2416 883 2501 schisma,
909 2441 944 2512 p.
969 2439 1051 2505 590.
1078 2417 1121 2489 de
1131 2420 1268 2516 jejunio
1288 2428 1360 2499 eti.

145 2542 201 2591 tm
226 2515 353 2600 sanius,
379 2536 479 2609 quom
507 2511 583 2583 fieri
598 2511 749 2594 adsolet,
776 2510 907 2585 diiierit
931 2512 952 2585 i.
979 2515 1045 2585 tv.
1072 2534 1129 2607 ep.
1156 2525 1213 2597 28,
1269 2520 1361 2594 Gra.

144 2614 258 2690 tianus
292 2632 447 2706 quoqne,
492 2608 701 2716 suprematus
726 2610 857 2700 Papaiis
881 2629 1023 2701 magnus
1052 2630 1235 2704 patronus,
1261 2616 1360 2692 virio

146 2703 412 2786 colietiionibus
440 2703 504 2776 sois
529 2703 695 2789 roseruit,
719 2727 807 2800 quae
834 2704 944 2795 Papae
971 2701 1214 2782 frtrioititatem
1243 2713 1281 2785 in
1307 2736 1362 2786 re·

147 2809 211 2885 bus
234 2803 341 2895 fidei,
374 2800 512 2895 ejusque
539 2795 789 2894 subjediionenr
815 2795 962 2892 Synodis
987 2798 1023 2870 io
1050 2799 1218 2892 ejusmodi
1240 2808 1363 2900 causa,

147 2920 322 2999 arguunt:
350 2899 400 2973 uti
429 2919 485 2969 ert.
514 2918 565 2991 gr.
582 2898 627 2970 in
651 2893 768 2990 capite
793 2892 986 2987 Anastastnr
1014 2895 1176 2972 Distinet.
1202 2901 1301 2977 XIX.
1327 2923 1367 2978 et

146 3002 247 3086 XL.,
282 2995 341 3069 ubi
366 2993 492 3067 diserte
516 2990 621 3081 dicit,
653 2993 779 3085 Papam
811 3014 830 3062 a
857 2993 999 3062 nemine
1023 2991 1093 3064 eri'e
1115 2993 1367 3091 judicandum,

148 3094 215 3170 nist
240 3090 298 3164 ubi
335 3087 650 3185 deprehenditura
681 3085 751 3158 fide
781 3086 922 3174 devios,
965 3105 1001 3154 tt
1035 3107 1118 3159 tunc
1148 3089 1262 3184 ipsum
1293 3096 1368 3172 effe

147 3188 292 3287 synodo
323 3183 508 3259 minorem.
557 3183 663 3279 Quod
694 3180 786 3254 idem
818 3181 885 3253 fuit
918 3180 1062 3254 concini
1098 3183 1312 3265 Vienneniis
1333 3214 1365 3268 ι.

153 3306 259 3362 1112.
282 3281 474 3377 judicium,
501 3278 647 3352 testibus
669 3274 755 3348 atiis
779 3277 852 3370 ejns
876 3295 912 3348 et
930 3277 1074 3349 Litteris
1098 3281 1139 3353 ad
1156 3283 1367 3367 Parciorem.

148 3379 220 3481 ipsr
248 3377 421 3452 Bernordo
437 3375 541 3450 etiam
560 3371 687 3448 excidit
703 3370 852 3461 ditium,
878 3371 977 3465 epist.
1007 3374 1114 3464 VH„
1141 3385 1285 3474 nunquid
1298 3385 1369 3459 ideo

150 3494 211 3554 ont
236 3480 355 3550 multem
380 3472 440 3572 effe
463 3471 600 3567 definit,
625 3485 683 3542 aur
704 3469 758 3542 rel
771 3471 964 3542 minoratum
988 3467 1055 3564 esi,
1080 3474 1156 3564 quia
1177 3476 1274 3574 Papa
1293 3503 1369 3555 σω».

148 3598 184 3648 tr
212 3575 268 3645 tt?

196 3669 228 3767 i.
254 3667 328 3740 XC.
353 3666 412 3738 De
434 3663 575 3761 reliquis
591 3660 735 3736 Clericis
761 3660 847 3735 nihil
874 3660 948 3733 fere
976 3661 1109 3753 habeo,
1135 3663 1228 3762 quod
1252 3670 1373 3749 obser·

150 3786 236 3844 vatu
259 3763 401 3856 dignum
428 3759 497 3848 est,
539 3757 601 3831 nist
625 3757 719 3853 quod
743 3757 1007 3829 Subdiaconatns
1031 3759 1136 3833 fuerit
1167 3785 1230 3858 per
1255 3763 1372 3845 Urba.

150 3886 234 3941 num
252 3859 315 3932 ΙΙΙ.
343 3858 435 3930 inter
447 3856 614 3947 majores,
643 3856 698 3927 vel
718 3852 829 3926 sacros
853 3853 1009 3940 ordines,
1039 3858 1183 3946 relatos,
1209 3879 1291 3936 cum
1307 3885 1371 3937 an·

150 3981 209 4035 tea
226 3953 441 4040 minoribus,
467 3974 538 4025 non
559 3949 675 4034 sacris,
701 3948 894 4037 adscriptus
912 3969 1006 4033 erat,
1035 3954 1194 4052 quodque
1215 3955 1374 4036 Canonici

147 4036 336 4160 togularti,
360 4049 431 4128 hoc
448 4048 486 4124 in
501 4046 624 4148 primis
642 4043 780 4136 seculo,
804 4043 935 4122 fuerint
952 4050 1128 4127 renovati.
1168 4054 1371 4133 canonicus

1222 4145 1381 4230 cretico.
