3022 4806
123 591 204 682 '35⁰
511 575 662 678 {spionia
681 575 813 679 Eccits.
833 575 958 678 Christ.

133 761 219 839 retis
258 755 495 856 inquisitionis
533 778 605 830 non
638 756 871 857 reperiuntur.
921 754 1004 833 Effe
1037 778 1177 859 qnoque
1213 756 1343 858 potest,

135 878 175 935 ut
209 860 323 931 crucis
354 874 389 926 et
412 851 601 948 imaginum
619 876 844 943 contemtus,
870 874 907 926 et
922 853 1092 930 formulae·
1110 856 1341 931 consecratio·

134 955 191 1029 nis
221 948 445 1025 eucharistiae
472 948 626 1039 omrssro,
653 952 766 1024 ansam
800 948 1014 1025 Christianae
1042 950 1124 1024 sidei
1149 952 1339 1048 abnegatio·

135 1072 218 1124 nem
248 1047 262 1121 i
290 1046 329 1121 it
364 1045 550 1141 inputandi
583 1045 730 1119 dederit.
780 1042 858 1144 Qua
888 1046 932 1117 de
960 1069 998 1120 re
1021 1046 1193 1145 quiequid
1220 1044 1337 1139 sit,1i·

134 1147 217 1219 dem
266 1165 325 1214 ere
355 1144 398 1214 ab
423 1141 526 1213 astera
549 1161 647 1236 parte
669 1162 807 1239 quoque
829 1142 984 1237 superat,
1009 1142 1131 1240 Reger
1153 1165 1233 1218 cunr
1258 1144 1337 1241 Papt

136 1240 175 1316 in
199 1238 342 1313 Ordinis
363 1236 661 1330 persecutionem,
688 1256 721 1307 et
739 1240 1016 1315 exterminium.
1040 1238 1195 1335 potuisse
1210 1242 1334 1336 conspi-

135 1360 234 1423 rare,
268 1335 364 1405 srmus
396 1330 607 1425 reliquorum
639 1333 876 1406 Praeserorotn
907 1332 1113 1406 consensum
1145 1336 1331 1430 inpetrare,

135 1450 291 1602 {rtur
307 1423 553 1596 iffi?
571 1426 1332 1619 distensidih¹id⁶¹idsssi³eiii⁰siffsii

535 1576 546 1612 1

133 1620 226 1697 santa
251 1616 456 1714 Tempsarii.
820 1633 822 1637 ’
1276 1548 1294 1624 q

180 1715 214 1816 §.
239 1714 499 1789 CCCXXXVI.
524 1709 673 1786 Nostrae
692 1714 862 1803 rationes,
896 1733 935 1789 ut
963 1732 1121 1787 mentem
1146 1717 1266 1813 paucis
1283 1734 1332 1786 en·

136 1835 289 1910 ponam,
324 1811 456 1884 habent
482 1833 513 1881 r.
539 1810 690 1882 dubitari
718 1813 779 1883 vix
802 1811 917 1907 posie,
947 1810 1028 1921 quin
1051 1815 1095 1885 ab
1122 1816 1230 1887 astera
1249 1828 1334 1909 parte

132 1909 326 2006 graviffima
349 1905 494 1978 crimina
518 1903 712 1994 Ordinem,
738 1907 852 2002 quoad
874 1928 1058 1981 mammam
1085 1931 1245 2002 partem,
1270 1928 1330 1982 cor·

135 2006 313 2101 ruperint,
337 2000 410 2076 imo
437 2002 612 2073 nonnullas
638 2023 713 2089 res,
745 2023 790 2075 eo
818 2023 978 2098 tempore
1003 2001 1131 2093 sacras,
1170 2026 1209 2078 ut
1230 2022 1332 2078 crucn

135 2124 175 2176 et
189 2101 376 2195 imagines,
402 2094 551 2171 ludibrio
569 2096 774 2188 habuerint,
792 2100 835 2171 ab
852 2100 958 2171 astera
976 2100 1103 2186 etiam,
1132 2101 1253 2196 Reges
1267 2118 1333 2174 curu

133 2199 226 2295 Papa
252 2195 419 2271 Ordinem
444 2193 596 2268 habuisse
620 2193 728 2282 odio,
751 2215 788 2267 et
814 2192 1028 2266 occasionem
1053 2216 1139 2267 eum
1155 2195 1332 2295 exstirpan-

134 2293 193 2382 di,
227 2315 327 2388 quarn
361 2291 509 2363 crimina
540 2292 771 2381 praebebant,
811 2290 917 2361 avide
947 2287 1150 2382 adripuisse.
1198 2294 1254 2367 De
1275 2308 1336 2388 quo

134 2407 285 2480 utroque
319 2408 362 2456 ex
386 2386 574 2475 complexu
607 2381 772 2453 historiae
800 2383 904 2456 sacise
934 2383 1090 2476 constat,
1136 2409 1171 2463 a.
1203 2408 1238 2460 et
1257 2385 1340 2460 issud'

135 2479 222 2558 mihi
243 2476 420 2573 plusquam
446 2475 623 2569 probabile
648 2476 806 2566 viderur,
834 2480 979 2554 crimina
1004 2503 1087 2552 vera
1112 2506 1134 2556 a
1163 2480 1259 2565 salsis,
1283 2487 1328 2553 in·

134 2593 303 2654 nocentes
331 2594 351 2643 a
382 2571 608 2657 nocentibus,
648 2593 720 2643 non
756 2573 837 2646 satis
868 2576 971 2650 fuisse
1003 2576 1199 2654 urstinttos.
1242 2575 1330 2676 Quid

133 2690 250 2749 autem
271 2665 370 2757 veri,
394 2665 478 2762 quid
498 2663 587 2751 fuist,
614 2664 650 2738 in
667 2670 946 2745 accusationibus
959 2671 1087 2762 suerit,
1114 2677 1176 2769 qni
1192 2675 1257 2765 rei,
1279 2672 1333 2767 qui

134 2770 360 2853 iunocenter,
393 2783 486 2836 nunc
510 2760 647 2835 definiri
671 2763 813 2856 nequit,
855 2788 920 2836 nec
946 2789 1076 2841 temere
1110 2770 1195 2865 quid
1219 2776 1279 2847 hac
1299 2774 1335 2845 de

134 2893 174 2942 re
202 2859 452 2941 adfirmandum
476 2855 544 2932 eisc
568 2858 784 2948 censuerim,
817 2881 897 2932 cum
924 2864 1131 2936 Trithemio
1156 2869 1194 2940 in
1218 2870 1333 2943 Cbron

136 2958 377 3055 Hirsaugiens.
403 2956 444 3029 ad
466 2977 495 3028 a
528 2978 595 3048 130
624 3008 654 3040 .,
679 2956 777 3048 cujus
802 2953 889 3029 haec
914 2956 989 3029 sont
1007 2963 1133 3032 verba:
1161 2969 1349 3061 inpingebe.

136 3078 189 3130 tur
223 3060 287 3143 iis,
318 3053 402 3144 quod
429 3054 465 3122 in
493 2978 680 3146 profespane
703 3053 776 3148 stra
806 3052 962 3142 Christum
992 3059 1207 3148 abrogarim.
1255 3058 1337 3134 Onni

127 3153 216 3251 fitne
246 3168 354 3221 nerum
388 3168 432 3218 on
453 3144 619 3241 fossum?
659 3170 718 3220 non
751 3147 799 3239 rfl
830 3151 967 3244 nostrum
994 3155 1162 3245 judicare.
1212 3134 1336 3232 lnffree

138 3273 171 3345 3.
195 3245 377 3322 adfirmare
402 3262 472 3314 non
497 3262 642 3328 vereor,
669 3243 863 3340 legitimum
892 3248 927 3317 in
957 3247 1113 3340 processo
1127 3251 1252 3344 judicii
1269 3278 1332 3328 mo·

134 3349 217 3421 dnm
240 3362 313 3414 non
335 3334 437 3412 fuisse
461 3338 702 3428 observatum,
735 3363 812 3412 cum
840 3343 931 3436 quod
963 3342 1032 3413 sine
1066 3342 1262 3424 sufficiente
1291 3370 1332 3422 rt·

137 3444 236 3516 tione
260 3458 382 3510 omnen
409 3432 523 3507 subito
545 3434 640 3527 capti
667 3432 749 3525 fint,
794 3458 867 3510 rum
898 3436 1075 3534 inquisrtio
1098 3438 1134 3511 in
1163 3466 1227 3518 eor
1252 3445 1334 3520 insti·

135 3553 211 3613 tuta
237 3530 299 3621 iit,
325 3551 399 3605 tom
425 3530 518 3626 quod
544 3528 753 3603 defensionis
775 3533 873 3606 locus
900 3534 1027 3608 Ordini
1044 3557 1115 3607 non
1133 3536 1244 3614 suerit
1260 3564 1332 3617 con·

136 3628 266 3710 cessus:
300 3646 341 3699 ut
365 3649 411 3698 ex
435 3624 669 3721 superioribus
692 3625 795 3698 facile
821 3629 966 3705 constat.
1016 3631 1099 3703 an
1124 3635 1264 3714 ratione
1289 3635 1331 3711 sa·

136 3722 335 3807 mosrssrmur
361 3718 459 3805 Ordo
496 3717 547 3792 est
578 3718 786 3809 exstindiut,
821 3722 1001 3820 postquam
1035 3748 1144 3800 annor
1180 3740 1249 3827 187
1278 3731 1333 3806 ste·

138 3824 251 3909 risset,
275 3818 370 3893 aba.
398 3819 502 3891 1118.
527 3815 569 3886 ad
593 3840 624 3891 a.
653 3837 759 3907 ¹407·
783 3821 836 3888 ves
860 3841 970 3893 annon
990 3844 1057 3913 194
1080 3875 1092 3911 ,
1119 3819 1203 3902 srad
1219 3848 1334 3905 anunm

137 3939 265 4017 1314,
291 3935 361 4007 quo
382 3907 535 4002 perfetta
563 3909 613 3983 est
635 3910 802 3998 abolitio,
828 3912 963 3990 reseras.

183 4013 218 4119 s.
239 4005 518 4090 CCCXXXVII.
550 4005 854 4107 Quemadmodum
897 4011 1027 4091 summe
1062 4014 1341 4119 Templarinmm

1229 4116 1340 4213 deprc-
