3022 4806
80 580 97 612 Χ
1367 594 1389 631 'r

130 644 201 725 952
501 609 646 712 ffifloria
669 606 799 712 Eccles.
827 607 943 710 cirin.

164 794 267 884 etiit,
295 813 432 890 qnoque
457 787 661 862 consecutus
683 787 752 880 est,
776 789 836 865 sed
858 782 1040 865 custodiae
1062 783 1112 864 est
1126 788 1348 887 mancipatus.

137 826 246 972 ⁸{iaec
277 891 405 962 sumina
432 886 482 957 est
507 883 630 958 diffidii
661 887 774 983 Papae
797 910 878 961 curn
896 884 1106 976 Ludovico,
1130 889 1175 961 de
1193 910 1262 986 quo
1277 884 1343 956 vid.

142 995 288 1067 Alvarus
314 981 469 1080 Pelagius
492 982 536 1053 de
565 983 695 1075 planura
723 980 909 1075 Ecriestae,
939 980 1205 1057 Aventinum
1230 981 1343 1055 Aaou

144 1104 284 1185 praeter
309 1080 391 1153 aiios
419 1084 509 1149 bene
534 1080 671 1150 multos.

192 1179 221 1278 ς.
247 1177 380 1249 CCCX.
405 1174 545 1244 Praeter
569 1173 640 1244 hoc
657 1168 815 1245 exercuit
831 1173 1024 1269 Johannem
1042 1169 1135 1247 aliud
1151 1172 1340 1269 negotium,

173 1299 212 1346 er
228 1270 399 1344 faiiiones
415 1269 449 1339 in
468 1268 603 1347 Ordine
619 1267 871 1342 Minoritaturn
892 1272 1074 1359 excitatas,
1089 1269 1185 1340 circa
1202 1269 1338 1363 regulam

144 1301 316 1445 inauret
332 1366 376 1438 de
402 1363 602 1434 omnimoda
623 1386 847 1459 paupertate,
865 1387 963 1462 quarn
984 1364 1167 1446 historiam
1183 1364 1271 1436 inira
1284 1381 1337 1432 trt·

146 1469 236 1540 darn.
286 1459 366 1533 nna
389 1481 527 1555 quoque
550 1457 625 1552 egit
652 1460 777 1547 multa,
808 1462 851 1534 ad
876 1461 1007 1535 diiiidia
1029 1459 1236 1555 Principum
1258 1464 1355 1553 conf·

147 1560 344 1658 pescenda,
378 1572 414 1625 et
445 1556 665 1650 euangelium
699 1555 791 1628 inter
815 1556 974 1629 Infideles
1001 1556 1279 1652 propagandum:
1304 1550 1335 1622 de

147 1677 219 1753 quo
245 1653 349 1725 etiam
369 1652 430 1723 suo
451 1650 540 1721 loco.
568 1650 775 1745 subjungam
802 1651 917 1747 itaque
944 1655 1109 1726 nonnulla
1123 1654 1171 1723 de
1187 1651 1257 1723 hoc
1272 1650 1338 1743 nor,

29 1770 32 1777 ·
147 1750 338 1823 observata.
385 1769 416 1819 1.
445 1741 648 1817 Dominiunr
674 1749 795 1840 Pupnie
818 1747 859 1820 ud
882 1748 1048 1822 summurn
1064 1748 1188 1819 evexit
1204 1744 1336 1844 gradun

147 1847 208 1921 De
241 1866 329 1939 quo,
363 1859 502 1935 praeter
526 1839 698 1912 dimdium
729 1862 807 1914 curn
833 1845 1019 1916 Ludovico
1043 1843 1194 1930 Bavaro,
1226 1837 1339 1915 abunde

146 1939 317 2015 testantur
348 1938 620 2029 Exrronagantrs
662 1938 744 2031 ejus.
798 1939 879 2038 Quo
916 1939 1060 2012 nornine
1093 1937 1343 2010 constitutione

149 2038 225 2131 ejus
255 2034 292 2106 in
317 2054 465 2127 corpore
489 2031 670 2105 Canonico
696 2032 855 2111 veniunt.
888 2032 1071 2106 Adseritur
1093 2034 1131 2129 in
1158 2032 1235 2106 inis·
1251 2032 1342 2127 rapu

148 2136 316 2209 summurn
339 2129 396 2225 jus
418 2127 454 2203 in
471 2127 669 2223 inperium,
694 2129 838 2226 Regna,
862 2151 901 2202 et
924 2126 1115 2223 beneficia,
1137 2125 1190 2202 ita
1206 2142 1248 2201 ut
1263 2122 1346 2221 deii!

147 2254 215 2328 pro
240 2224 381 2300 arbitrio
410 2223 512 2320 poffit
533 2225 733 2317 disponere:
758 2225 954 2318 praefertur
975 2246 1114 2321 quoque
1140 2220 1348 2330 Inperatu'rij

148 2345 187 2398 ut
214 2324 272 2394 Sol
299 2323 429 2390 Lunae.
481 2319 642 2390 Edictum
668 2320 841 2391 Luduvici
867 2323 987 2393 Bavari
1005 2318 1238 2392 comitiorum
1257 2321 1350 2417 Regr-

152 2414 421 2506 nuburgenstutn
438 2412 602 2485 consensu
623 2416 799 2507 vulgatum
819 2416 942 2505 habet,
959 2417 1053 2488 inter
1068 2416 1133 2486 alia
1144 2468 1156 2504 ,
1177 2411 1221 2488 de
1237 2416 1351 2514 Johun·

147 2534 212 2596 ne,
239 2508 348 2601 ipsum
365 2504 434 2594 fibi
456 2507 600 2577 Satanae
615 2507 745 2600 sumere
767 2512 943 2601 Spiritum,
969 2512 1012 2603 se
1030 2509 1173 2602 similem
1201 2509 1351 2608 Altifflnr

140 2607 281 2702 farere,
296 2599 337 2698 se
355 2602 484 2671 adorari
502 2608 703 2692 permittere,
724 2608 805 2699 qnod
817 2609 960 2702 Angelus
967 2605 1037 2700 stu·
1047 2632 1068 2677 a
1085 2606 1245 2698 Julianne
1259 2609 1354 2702 proni·

149 2705 220 2776 nair
246 2700 283 2772 in
318 2695 536 2792 Apocalypsi.
581 2721 611 2771 n.
639 2703 798 2772 Avaritia
825 2703 897 2795 ejus
914 2702 947 2771 in
974 2707 1200 2793 congerenda
1217 2700 1358 2799 poeunit‘

148 2800 279 2875 nullum
309 2796 407 2865 novit
435 2792 595 2870 modum..
639 2797 813 2890 Johannes
839 2795 1153 2883 Villaniustefett,
1184 2797 1293 2896 ipsum
1311 2796 1357 2871 iii

147 2898 236 2991 giuti
254 2894 385 2986 quinque
413 2891 567 2960 milliarios
585 2896 716 2982 argenti
731 2892 915 2986 reliquiss'e.
968 2878 1072 2989 Qirod
1091 2913 1128 2964 et
1151 2896 1270 2968 Paulus
1286 2894 1362 2965 Sata·

24 3036 27 3043 ι
142 2995 228 3087 ‚pius
262 2989 424 3057 Venetus
456 3008 524 3055 non
560 2991 717 3083 neglexit
742 2989 945 3075 observare,
980 2993 1016 3061 in
1046 2988 1364 3085 ιιῐὶΙῐίΐιιῑιοῑηέὶα·Ι

153 3087 245 3159 tude
270 3079 433 3173 benefitiis
453 3103 530 3173 cap.
552 3089 608 3174 38.
663 3083 842 3177 Thesauros
856 3087 1086 3176 pecuniarum,
1112 3109 1187 3177 quos
1205 3089 1243 3159 de
1258 3089 1364 3160 direr·

145 3181 197 3277 fis
225 3178 330 3249 mnndi
351 3178 500 3266 partibus
518 3182 644 3271 exigit.
669 3197 699 3248 er
723 3183 850 3270 exegit,
885 3197 916 3251 er
942 3184 1030 3272 exigi
1047 3179 1143 3274 sucin
1169 3187 1205 3253 in
1227 3182 1366 3279 praefir-

152 3281 216 3350 Iunt
243 3269 422 3368 subfidium
456 3268 587 3367 (terrae
620 3273 750 3347 sanitae
775 3274 927 3346 nostibus
949 3278 1173 3368 eripiendae,
1201 3281 1242 3367 ad
1268 3276 1366 3375 quod

152 3370 342 3446 destinatae
360 3365 475 3466 erant)
494 3393 552 3449 non
571 3374 745 3458 conuertit,
771 3370 833 3441 irno
850 3374 881 3442 in
897 3352 1080 3468 effirfioorni
1098 3376 1218 3463 inpiam
1234 3390 1270 3446 er
1286 3362 1378 3448 cru-³

154 3470 255 3542 deiero
278 3466 452 3556 sanguinis
477 3466 648 3557 Christiani
672 3489 762 3554 ete,
789 3468 892 3539 verba
914 3468 988 3540 suin
1014 3463 1364 3561 inperatorisLudu-¹

151 3563 224 3639 vici
260 3559 296 3629 in
332 3559 432 3651 epist.
466 3559 643 3633 inveEiiva
673 3582 794 3635 contra
821 3564 975 3654 Papam,
992 3563 1081 3660 apud
1113 3564 1214 3637 Beluz
1249 3565 1259 3636 l
1297 3552 1389 3643 cirst.

156 3686 189 3757 3,
216 3657 297 3751 Quo
323 3652 428 3741 scopu
454 3657 586 3746 primus
614 3656 811 3729 introduxit
836 3659 1009 3746 Annoras,
1034 3657 1091 3730 seu
1107 3661 1238 3732 reditus
1258 3664 1362 3736 unius

154 3751 237 3830 anni
262 3744 410 3837 cujusvis
437 3750 593 3820 vacantis
618 3751 803 3838 beneficii,
835 3751 1079 3847 persolvendos
1104 3756 1296 3844 Pontifici5
1321 3774 1362 3828 ut

154 3846 243 3922 tradi
263 3844 357 3913 soret.
401 3840 467 3912 Sed
483 3843 661 3936 Johannes
679 3850 747 3921 hoe
765 3845 927 3921 tributum
945 3850 1126 3923 beneficiis
1149 3875 1218 3923 non
1238 3851 1362 3924 eleeii·

152 3947 208 4027 vis
234 3958 365 4013 tantum
394 3936 549 4032 inposuit
570 3940 615 4024 ,ad
641 3942 824 4015 triennium
834 3967 846 4033 3
873 3963 911 4015 ut
930 3967 974 4015 ex
999 3946 1072 4038 ejus
1087 3946 1389 4036 constitutiones

154 4066 225 4118 curn
258 4035 443 4129 nonnullae,
475 4052 585 4132 patet.
625 4036 759 4115 'Postea
784 4059 873 4117 veru
899 4037 1098 4118 Bonifatius
1112 4040 1178 4118 nn·
1200 4043 1376 4153 omnibus·

1270 4152 1366 4231 rupo!
