3022 4806
128 588 183 692 '76
519 582 959 687 nistiaaaccuttirip.

135 767 310 846 Ecclesiae
336 768 372 844 in
399 767 514 867 Ipsum
538 768 746 843 contulerat.
799 767 902 864 Quod
926 787 1030 863 aegre
1047 763 1114 840 fuit
1137 769 1269 868 Papae,
1290 777 1343 872 ju.

137 869 185 940 ris
210 865 341 962 Papulis
372 865 441 939 else
461 864 714 952 contendenti,
753 864 964 958 Episcopum
989 865 1033 936 de
1058 866 1136 938 sede
1168 870 1204 940 iii
1234 871 1345 948 sedem

137 962 343 1050 transferre,
384 984 487 1057 quare
510 981 548 1032 et
574 959 697 1033 litteris
720 979 756 1030 et
779 962 957 1055 legatione
989 958 1116 1034 restitit
1139 967 1255 1061 regiae
1280 992 1345 1063 po.

137 1059 272 1147 testati,
307 1078 345 1128 ut
372 1059 461 1130 Otto
484 1054 609 1142 refert,
645 1056 703 1128 sed
726 1058 857 1127 causam
882 1054 1039 1150 persequi
1063 1079 1201 1150 morte,
1243 1065 1344 1142 brevi

136 1157 274 1240 secuta,
307 1175 337 1226 a.
367 1173 495 1242 1157„
522 1151 697 1247 inpeditus
718 1149 778 1225 est.
830 1153 994 1223 Ceterum
1018 1152 1063 1224 de
1084 1155 1242 1230 Gratiani
1268 1182 1346 1232 cor·

136 1274 227 1350 pore
253 1248 431 1320 Canonico
459 1249 501 1318 ab
525 1247 604 1342 lpfo
630 1249 841 1340 adprobato,
869 1267 1028 1342 tanquam
1054 1272 1176 1325 norma
1190 1253 1345 1344 judicio·

136 1369 233 1435 rum,
266 1362 303 1413 et
329 1342 491 1438 gradibus
516 1342 755 1429 Academicis,
786 1341 925 1438 abipso
949 1342 1134 1436 institutis,
1175 1368 1212 1421 ut
1238 1371 1345 1447 puta·

133 1458 208 1526 tur,
234 1436 331 1531 supra
358 1437 394 1509 iu
423 1437 591 1508 Gratiano
618 1436 749 1511 monui.
1072 1451 1078 1468 ’
1326 1438 1330 1446 ’

187 1534 219 1634 §-
243 1533 379 1605 LXVl.
410 1528 602 1627 Anastastus
624 1533 713 1618 IV..
739 1534 813 1629 ejus
839 1533 1027 1626 success'or,
1053 1534 1112 1632 qui
1140 1558 1247 1613 unum
1268 1559 1345 1617 tan·

134 1649 212 1706 tum
244 1629 333 1702 sedit
364 1650 513 1714 annum,
546 1652 565 1701 a
591 1625 775 1700 'decessore
814 1630 874 1703 suo
905 1632 944 1704 in
979 1654 1048 1704 uuo
1079 1633 1347 1723 alterove‘casu

134 1723 294 1801 discedit
329 1723 507 1797 frederici
536 1722 656 1818 utique
685 1722 813 1797 uuum
838 1745 950 1800 ratum
971 1725 1111 1817 habuit,
1136 1731 1238 1825 pallio
1258 1758 1345 1830 quo·

135 1841 204 1921 que
226 1815 499 1915 Archiepifcopo
522 1816 738 1913 Mogontino
761 1820 881 1909 misso,
921 1844 988 1896 nec
1016 1842 1131 1897 tamen
1163 1825 1235 1900 fine
1259 1831 1346 1905 mul·

134 1935 251 1992 torum
284 1914 461 2002 scandalo,
504 1932 543 1986 ut
576 1916 665 1985 Otto
695 1914 815 1990 refert.
867 1917 1182 2014 Archiepiscopum
1207 1911 1348 2023 quoque

133 2008 384 2087 Eboracensem
415 2011 675 2096 consecratum,
716 2027 754 2082 et
785 2014 827 2083 ab
852 2012 1015 2106 Eugenio
1038 2012 1253 2110 depositum,
1287 2044 1346 2095 rc·

133 2106 267 2194 stituit,
291 2126 332 2178 ac
351 2105 455 2201 pallio
479 2106 646 2195 donavit,
672 2124 710 2178 ut
729 2105 920 2181 Gulielmus
945 2109 1216 2204 Neubrigeusis,
1240 2136 1345 2207 autor

135 2208 307 2290 coaevus,
349 2223 475 2276 narrat.
524 2199 582 2274 De
604 2200 729 2298 privile
756 2201 816 2291 is,
856 2225 942 2296 quae
966 2203 1148 2299 Equitibus
1171 2209 1347 2286 Hieroso·
1380 2256 1385 2265 ·

132 2299 145 2374 l
171 2294 306 2371 mitanis
331 2298 497 2370 conceffit
518 2299 644 2384 multa,
676 2320 724 2405 po
757 2320 806 2369 ea.
857 2300 1023 2379 Successit
1050 2301 1152 2395 longe
1176 2304 1344 2381 famosior

182 2417 242 2490 pa,
278 2392 469 2462 Hadrianus
492 2388 582 2476 lV.,
625 2394 941 2486 nationeAnglus,
976 2413 1077 2467 antea
1102 2397 1274 2474 Nicolaus
1297 2403 1344 2478 de

132 2487 336 2582 Breltspear,
362 2483 551 2558 cardinalis
575 2485 794 2575 Albauenfis,
828 2488 955 2584 qui-ab
981 2512 1010 2562 a.
1033 2513 1135 2580 1¹54·
1162 2497 1202 2566 ad
1232 2520 1340 2590 1159.

132 2585 231 2667 sedit.
284 2581 390 2676 Cujus
417 2580 583 2690 singulare
611 2580 720 2655 satum
747 2581 835 2672 fuit,
860 2605 1052 2657 memoratu
1081 2587 1237 2682 dignum.
1272 2594 1344 2670 Vi.

132 2706 204 2763 tam
220 2679 347 2774 degetis
371 2681 587 2764 mendicam,
628 2677 760 2773 quippe
785 2702 804 2751 a
830 2681 947 2769 Patre,
988 2686 1161 2756 monacho
1186 2688 1233 2759 ob
1257 2714 1346 2784 pati.

132 2796 303 2893 pertatem
322 2771 433 2863 tatto,
458 2768 632 2857 desertus,
653 2796 698 2843 eo
722 2780 828 2846 etiam
857 2774 979 2872 usque,
1006 2796 1063 2865 ut,
1090 2779 1131 2850 ad
1155 2780 1250 2854 idem
1270 2789 1346 2859 sae·

159 2902 179 2957 t
205 2872 349 2951 ueniens
373 2866 618 2942 monasterium
643 2866 741 2961 stipis
766 2870 898 2962 gratia,
933 2870 1034 2943 suerit
1058 2896 1077 2945 a
1103 2875 1204 2948 Patre
1229 2884 1348 2976 repul·¹

130 2905 204 3059 iit.
230 2986 266 3045 et
288 2966 478 3043 Gallicanas
504 2983 629 3059 petetis
653 2963 836 3071 regiones,
864 2967 898 3040 se
919 2967 1105 3040 Canonicis
1128 2975 1347 3067 regularibus

131 3054 391 3153 uititiustetti's.
417 3058 500 3134 Rufi
535 3060 582 3131 ita
616 3061 895 3150 commendavit,
930 3083 967 3133 ut
999 3068 1041 3136 ab
1075 3064 1117 3136 iis
1150 3067 1257 3142 luerit
1284 3097 1343 3148 re·

131 3182 273 3267 captust
308 3184 327 3235 a
359 3177 428 3256 quo
458 3174 619 3250 tempore
650 3154 823 3247 egregiam
855 3155 971 3229 studiis
1006 3161 1147 3232 navavit
1172 3186 1342 3265 operam,

132 3264 221 3347 uticii
247 3275 282 3335 ut
310 3253 423 3330 diibus
450 3250 558 3324 fuerit
590 3247 736 3322 elesius:
772 3250 863 3322 unde
887 3252 1023 3346 postea,
1058 3278 1136 3328 cum
1164 3261 1344 3343 Monachi

135 3358 274 3445 uitulum
300 3352 374 3451 ejus
406 3345 619 3440 disciplinam
653 3367 723 3416 noti
759 3343 908 3436 ferrent,
949 3352 991 3420 ab
1027 3351 1182 3447 Eugenio
1205 3357 1256 3431 est
1280 3364 1343 3435 ad·

54 3488 60 3503 =
132 3466 280 3547 titurius.
298 3467 333 3525 et
350 3441 535 3523 cardinatis
550 3439 670 3517 faciut.
721 3439 849 3514 Narrat
866 3465 948 3515 vero
964 3447 1247 3542 saresberiensis,
1267 3457 1344 3553 ejus

133 3552 328 3639 umilitate.
359 3544 396 3621 iu
438 3541 631 3638 olycrati'co,
663 3558 742 3609 euni
767 3552 787 3610 a
812 3540 914 3614 bunis
935 3542 1107 3615 Ecclesiae
1132 3549 1169 3617 in
1194 3555 1344 3648 propin.

131 3674 219 3763 quot
244 3561 464 3727 tllltudcuiia
494 3637 582 3710 adeo
608 3631 844 3744 ablrorruisle,
888 3653 945 3723 ut,
983 3638 1016 3708 in
1052 3640 1199 3714 alterum
1226 3647 1342 3739 lapsus

134 3766 346 3841 nstitutum.
372 3758 416 3813 ue
441 3750 585 3809 matrem
613 3731 770 3826 quidem,
798 3730 893 3801 senio
909 3732 1104 3808 centenam
1128 3756 1163 3810 et
1192 3762 1343 3839 pauper.

135 3850 285 3939 mm,
330 3828 477 3914 uoluerit
509 3826 697 3905 sublevare.
755 3823 1003 3903 Reddiderunt
1044 3852 1224 3926 praeterea
1258 3860 1341 3918 eum

136 3948 241 4037 multe
262 3930 439 4019 lluiosum.

181 4030 387 4173 §.hilii
418 4026 507 4113 Cum
521 4015 704 4158 anuum
725 4012 917 4165 Brixienfis·
933 4041 1038 4099 nova·
1055 4026 1168 4105 rursus
1199 4032 1345 4210 mulia-r·

1070 4379 1075 4387 ‘
1137 4385 1154 4425 o
