2976 4830
168 594 244 683 556
576 585 725 688 Historia
745 587 876 686 becles,
901 586 1019 687 css-is.
1111 587 1117 595 ’

179 774 325 846 olores:
348 767 443 864 quod
465 783 500 840 et
524 765 597 862 ipse
627 768 719 842 haud
753 768 900 844 obscure
933 765 1059 841 innuit
1077 765 1117 840 iu
1135 761 1235 863 epilb
1252 761 1298 838 ad
1317 762 1388 838 Cos
1433 800 1434 803 κ

183 870 333 943 dinrlem
361 869 404 935 de
427 867 591 938 Carvaiul.
1377 870 1380 875 '
1432 950 1434 954 ⁷

195 1038 201 1048 ,
235 963 267 1060 p.
293 960 581 1035 CCCCLXVlll.
607 957 684 1057 Qua
714 958 759 1032 de
791 955 905 1050 sessi,
938 975 976 1032 et
1007 955 1166 1031 motibus
1191 952 1391 1044 Huffiticis,

186 1079 369 1154 autequam
392 1055 573 1146 disseram,
599 1058 833 1132 Cultrtr'rrotum
855 1058 959 1150 origo
981 1056 1031 1126 ell
1056 1072 1268 1139 enarranda,
1293 1074 1392 1149 quip·

188 1151 234 1253 pe
270 1153 331 1249 qui
363 1172 520 1244 magnum
553 1152 683 1224 inillis
714 1154 871 1225 motibus
901 1156 1099 1225 babuerunt
1123 1168 1275 1242 partem.
1322 1149 1387 1220 Ad·

189 1251 305 1347 pellati
333 1245 409 1318 sunt
433 1268 477 1317 eo
501 1243 644 1319 nomine
667 1247 839 1336 bohemi,
872 1248 992 1344 quiin
1022 1246 1096 1318 sulo
1124 1247 1234 1319 calice
1256 1245 1389 1317 Euclio·

191 1345 311 1418 ristico
339 1336 583 1414 dissentiebant
607 1364 627 1414 a
655 1345 871 1430 Catholicis,
901 1339 976 1416 sine
1000 1344 1061 1416 illo
1083 1342 1212 1414 nullum
1240 1338 1312 1412 elie
1333 1360 1389 1409 eu·

190 1434 384 1512 clrarrstiam
426 1440 700 1527 contendentes,
736 1442 913 1535 adeoque,
953 1438 1028 1531 ejus
1066 1439 1163 1509 ulum
1196 1435 1294 1509 luicis
1322 1433 1390 1507 else

190 1531 476 1620 concedendum,
496 1555 673 1628 urgenter.
720 1533 918 1630 Johanoern
942 1533 1096 1606 Hullurn
1121 1530 1226 1606 fuisse
1246 1526 1389 1605 restituti

190 1629 305 1701 calicis
321 1628 356 1698 in
376 1625 542 1701 bohemia
563 1647 740 1718 autorem,
767 1628 854 1702 male
868 1627 986 1724 pallito
1003 1646 1154 1723 putatur.
1208 1628 1390 1722 lpse,curr

189 1719 413 1796 Constantiae
438 1726 601 1818 degeret,
627 1744 664 1796 et
689 1726 734 1795 de
761 1725 913 1797 motibus
936 1723 1035 1797 oeusu
1058 1721 1175 1796 calicis
1190 1722 1388 1811 audivisset,

127 1807 144 1837 ⁹
189 1819 308 1892 calicis
339 1816 433 1889 usum
460 1817 597 1912 quidem
622 1841 693 1889 nou
715 1817 934 1916 inprobavit,
965 1819 1081 1913 potius
1106 1818 1283 1906 laudarit,
1308 1814 1390 1894 suos·

188 1937 255 2012 que
279 1917 322 1987 ab
346 1914 621 2006 oppositionibus
648 1913 895 1987 Calixtinorutn
922 1916 1126 1988 dehortatus
1150 1911 1224 2001 est,
1240 1912 1388 2008 'sedejtn

187 2030 290 2084 autor
308 2029 377 2081 uon
394 2006 478 2095 suit,
505 2032 586 2082 curn
605 2010 753 2105 Prugae,
771 2033 838 2084 nec
853 2009 1006 2103 scripto,
1025 2032 1092 2084 uec
1107 2032 1192 2098 ore,
1210 2010 1248 2085 id
1262 2011 1386 2082 docue-

189 2109 258 2194 rit,
293 2106 349 2179 sed
376 2103 598 2177 constantiae
623 2105 691 2178 bac
716 2107 759 2177 de
783 2127 819 2176 re
840 2104 1028 2190 consultus,
1053 2107 1153 2179 causa
1176 2107 1234 2180 illa
1255 2103 1387 2199 jamri·

190 2220 299 2299 gente
325 2200 416 2272 inter
441 2202 631 2287 bohemos,
663 2221 816 2272 ruentem
835 2222 966 2274 tantum
985 2201 1212 2298 explicuerit,
1240 2221 1387 2297 praeter·

188 2320 230 2369 ea
261 2296 296 2369 ei
321 2295 453 2367 hocin
488 2299 635 2405 publico
661 2296 819 2368 examine
851 2320 921 2369 non
954 2297 1060 2370 fuerit
1086 2298 1311 2372 constantiae
1330 2299 1388 2369 ob·

183 2391 327 2488 jectum.
377 2391 586 2485 Praecipuus
618 2411 703 2461 vero
736 2412 837 2464 autor
868 2390 935 2465 fuit
974 2395 1201 2490 jacobellus,
1235 2414 1274 2466 ut
1311 2413 1391 2465 tuor

186 2481 333 2581 patebit.
383 2485 481 2556 Ante
500 2485 608 2580 ipsum
632 2486 748 2557 calicis
779 2484 1001 2562 abstraclioni
1026 2490 1095 2561 sese
1114 2489 1187 2582 jam
1223 2507 1305 2562 ante
1336 2489 1388 2561 ri·

187 2579 282 2678 giuti
310 2579 463 2676 quinque
497 2603 605 2653 annos
638 2583 871 2675 opposuerat,
906 2583 992 2657 teste
1016 2584 1178 2680 Jobauue
1204 2583 1252 2657 de
1276 2585 1388 2681 Roge-

189 2679 291 2767 sana,
307 2678 343 2747 in
370 2673 521 2748 concilio
543 2675 747 2765 basileenle,
765 2700 801 2749 et
817 2680 954 2772 plebem
980 2681 1020 2751 ad
1045 2679 1188 2751 calicem
1216 2679 1389 2753 invitave-

190 2795 264 2865 rat,
288 2772 458 2847 Murrius
480 2770 617 2867 aliquis,
637 2771 750 2866 pastor
766 2773 962 2868 Pragenlis,
986 2779 1090 2846 etiam
1106 2771 1304 2865 Poristeufis
1320 2775 1388 2847 dic·

184 2887 264 2958 tus,
297 2873 345 2944 ob
377 2867 486 2940 studia
519 2865 652 2941 Parisiis
676 2866 856 2956 confecia,
890 2873 945 2943 vir
970 2873 1117 2965 probus,
1145 2892 1182 2942 et
1209 2870 1391 2945 acerrimus

179 2963 444 3061 corruptionis,
462 2985 504 3036 ac
521 2961 681 3037 abusuum
698 2962 869 3037 Ecclesiae
890 2967 1119 3056 adversarius,
1168 2963 1388 3040 uitrafilstutn

190 3064 299 3156 etiam
324 3056 456 3151 scripsit
481 3059 526 3132 de
549 3058 770 3154 Antichristo,
799 3079 836 3131 et
861 3064 966 3134 multa
991 3059 1100 3153 pallus
1124 2991 1186 3133 est.
1241 3063 1311 3137 Sed
1334 3058 1393 3157 qui⁸

185 3177 308 3254 parum
340 3152 510 3247 profecit,
543 3177 562 3227 a
589 3158 691 3228 Clero
718 3155 875 3250 Progensr
902 3181 921 3227 a
945 3177 1075 3249 coepto
1098 3155 1268 3232 desistere
1292 3178 1386 3232 coac·

188 3270 245 3327 tus
266 3272 296 3324 u.
328 3254 454 3340 1389.,
477 3270 632 3322 mortuus
652 3271 682 3320 a.
712 3272 814 3344 1394.
842 3251 926 3324 Vid.
955 3253 1126 3325 L’Eufaot
1150 3256 1283 3328 concil.
1300 3254 1388 3326 Cou-

186 3345 287 3421 staut.
320 3343 450 3417 Honor
478 3345 596 3440 itaque
629 3343 774 3418 debetur
798 3344 998 3437 Jacobello‚
1031 3346 1122 3443 quod
1157 3349 1254 3423 culix
1287 3346 1390 3424 suerit

185 3442 355 3518 Bullensis
374 3439 537 3512 redditus.
591 3440 689 3534 lpse,
714 3440 795 3513 alias
821 3443 971 3537 Jacobus
996 3443 1039 3513 de
1066 3440 1180 3531 Misa,
1207 3469 1227 3518 a
1251 3465 1387 3541 paguo·

183 3542 239 3638 J'us
275 3534 426 3609 nominis
451 3535 488 3610 in
519 3534 698 3634 Bohemta,
719 3536 849 3621 didius,
873 3536 989 3610 Pastor
1013 3537 1078 3610 fuit
1096 3541 1388 3636 Progeusrs,litte·

186 3659 295 3714 surum
318 3633 481 3717 dollrina,
508 3649 545 3700 ut
570 3631 716 3703 AEoeas
738 3633 876 3727 Sylvius
901 3632 970 3719 ait,
997 3638 1385 3733 etmotumprueliasris

134 3790 136 3794 ,
182 3738 287 3831 juxta
311 3726 442 3805 clarus,
458 3719 498 3796 'et
520 3748 603 3797 mox
632 3725 708 3818 post
733 3726 833 3802 Huffi
858 3727 1032 3802 discessum
1060 3718 1196 3822 prodiit
1221 3732 1260 3807 in
1284 3725 1380 3829 publi·

186 3849 290 3909 curn,
332 3841 526 3914 magnoque
559 3817 671 3892 studio
703 3823 935 3897 necessitatem
968 3824 1085 3898 calicis
1116 3826 1152 3897 in
1188 3821 1388 3901 eucharistia

183 3919 316 4003 docuit.
368 3913 493 3989 Ansam
520 3936 607 3986 vero
631 3915 663 3986 ei
686 3917 846 4010 praebuit
868 3918 986 3992 Petrus
1014 3918 1150 4015 quidum
1180 3918 1390 4020 Dresdrsfit,

182 4020 226 4108 de
247 4035 318 4118 quo
332 4013 412 4107 ‚vid
434 4008 609 4131 Lzsstrsunt
628 4012 707 4114 bell
731 4013 860 4098 Hullit.
879 4030 968 4096 tutu.
984 4016 1034 4110 l.,
1051 4019 1107 4106 ‚ub
1121 4018 1284 4191 haeresis
1299 4019 1395 4190 {slsis

834 4189 849 4209 ⁴
1286 4137 1305 4189 e
1341 4133 1396 4186 cm
