3022 4806
146 606 226 695 art
551 591 701 694 artum
722 585 859 694 neap
877 590 997 699 anst

159 797 242 850 cum
274 772 435 871 adplausu
469 774 550 849 iilud
584 771 698 862 obiit,
733 794 932 875 tantamque
963 773 1029 851 sibi
1059 775 1247 877 adquisivit
1281 783 1376 859 autu?

162 878 324 960 ritatem,
370 891 407 944 ut
434 873 527 945 didit
553 870 648 967 ejus,
682 893 844 967 tanquam
868 875 1024 964 orawh,
1067 872 1197 955 fuerint
1219 901 1373 975 exceptu.

164 970 308 1045 Nurum
334 971 449 1063 itaque
474 966 709 1064 praetermisit
725 970 925 1042 Monac-but
950 969 1197 1048 mendicantes
1218 974 1371 1070 perstrin-

158 1067 271 1161 gendi
298 1066 533 1151 occasionem,
574 1060 701 1158 quibua
729 1064 846 1137 varior
876 1065 965 1139 baud
994 1064 1131 1162 exiguo
1154 1075 1371 1149 nummoru-

158 1159 304 1257 'putavit
327 1180 486 1249 errorea,
510 1160 567 1232 sed
592 1180 659 1231 nec
682 1159 842 1270 pepercit
866 1162 988 1254 Papia,
1019 1160 1174 1237 maxime
1198 1164 1370 1265 mstqm

155 1276 250 1329 tt‘ut
279 1256 509 1348 legatorum,
551 1254 594 1328 ad
618 1257 696 1326 lites
725 1274 820 1329 inter
843 1256 983 1355 Regem
1009 1274 1046 1329 et
1077 1260 1206 1353 Papam
1234 1283 1313 1337 cour

149 1354 310 1438 bernus,
351 1372 381 1424 a.
410 1373 515 1447 ¹374·
540 1346 721 1444 incepisset
747 1371 839 1425 atter
865 1373 903 1425 et
933 1351 1156 1451 tyrannidem
1176 1359 1295 1433 curiae
1338 1382 1368 1435 a·

157 1449 248 1543 palis
272 1446 408 1518 Romae
437 1446 582 1543 propius
604 1444 826 1542 cognoscere.
876 1448 1012 1546 Utique
1032 1451 1079 1522 ab
1101 1450 1174 1525 bac
1196 1454 1365 1549 legatione

158 1544 290 1629 redux,
317 1543 352 1613 in
379 1543 528 1640 Papam,
555 1560 715 1637 tanquam
734 1541 986 1618 Antichristum
1003 1562 1094 1633 etc,
1118 1566 1193 1621 nun
1219 1548 1362 1625 fuitne·

142 1637 242 1712 ’ritus
265 1639 481 1714 declamare:
507 1660 578 1736 quo
603 1640 782 1734 ingentem
806 1636 980 1714 fauturum
1005 1656 1044 1712 et
1067 1641 1284 1719 adseciartrm
1307 1668 1363 1721 uu·

154 1752 296 1810 merum
329 1733 389 1808 srbi
413 1733 642 1831 comparavit.
693 1734 828 1808 Habuit
853 1733 972 1823 enim,
994 1754 1136 1830 praeter
1153 1740 1361 1833 Eduardun,

157 1831 300 1909 Ducem
323 1831 561 1917 Lancastnae,
585 1829 800 1904 Richardum
823 1831 889 1917 11„
915 1830 1025 1904 filium
1040 1829 1220 1924 Eduardi,
1243 1834 1360 1913 sabisa·

157 1944 284 2004 venter
314 1925 504 2034 optimatea
527 1923 680 2038 quosque
711 1924 834 2022 regni,
865 1926 1080 2001 Academiae
1102 1951 1151 2026 qu
1203 1956 1250 2007 ue
1273 1935 1359 2009 Oro·

143 2022 287 2100 'niensis
314 2043 412 2096 error
429 2021 629 2117 Principes,
654 2038 692 2094 et
714 2024 851 2119 piebem
874 2022 950 2096 sere
974 2041 1106 2113 totam,
1132 2031 1173 2117 ip
1187 2050 1242 2102 rur
1265 2030 1360 2109 etiam

142 2119 245 2211 'Cleri
266 2123 406 2194 tertiam
431 2137 575 2217 partem.
632 2117 714 2193 vid.
738 2117 890 2193 Warton
915 2119 955 2191 in
976 2120 1125 2193 anemio
1146 2122 1281 2218 Script.
1294 2123 1358 2213 iic·

140 2214 237 2294 'cies
257 2217 393 2306 cavei,
435 2218 515 2291 Rex
545 2234 725 2312 praeterea
745 2214 859 2311 ipsunt
885 2234 982 2286 novo
1011 2219 1112 2289 anxit
1130 2216 1359 2313 bonore&-

136 2311 291 2387 'ciesram
322 2313 366 2384 de
389 2311 629 2385 Lucterwortb
660 2311 698 2383 in
721 2308 910 2383 Provincia
933 2307 1155 2387 Licesirieusi
1183 2313 1249 2411 ipsi
1272 2337 1356 2395 cntu-

139 2406 309 2483 ‘mittent
360 2404 710 2492 iutereaMonacbi,
736 2405 983 2478 vehementius
999 2404 1149 2497 irritati,
1174 2415 1212 2484 in
1233 2410 1355 2485 ensuo

139 2504 233 2578 bunt
248 2501 337 2585 toti,
361 2519 400 2572 ut
424 2521 501 2573 eum
519 2498 753 2573 deturbarent.
802 2500 1051 2576 Novendecim
1074 2525 1164 2580 mox
1185 2508 1350 2592 articulat,

140 2620 194 2676 ex
218 2595 432 2669 sermonibus
454 2614 490 2667 et
515 2590 722 2672 lectionibus
743 2596 817 2691 ejur
841 2618 1044 2693 excerptos,
1068 2603 1168 2674 circa
1191 2605 1294 2697 Papae
1312 2620 1348 2673 ac

135 2697 206 2772 ·Re
232 2693 260 2767 ia
284 2688 511 2786 potestatem,
543 2707 579 2762 et
601 2686 727 2764 limites
757 2693 1156 2782 excommunicationis,
1178 2696 1223 2771 ad
1236 2698 1350 2793 Papam

139 2718 346 2875 migetium,
371 2807 400 2860 a.
429 2793 533 2881 137⁶·
558 2802 617 2860 ant
641 2807 657 2857 1
665 2808 767 2882 qqp„
800 2808 887 2882 quur
910 2789 1071 2861 recenset
1095 2790 1236 2867 Nataira
1260 2796 1352 2871 Alex·

136 2886 268 2966 ander.
328 2880 461 2981 Quibus
503 2881 657 2978 acceptis
695 2884 786 2979 Papa
825 2905 887 2955 eoa
920 2881 1013 2955 misit
1043 2907 1125 2957 cum
1157 2888 1352 2964 sitteti'rad

133 2978 308 3081 ¹'Regem,
331 2988 371 3051 ad
397 2982 576 3052 Simonem
600 2979 887 3067 Subduriensem,
921 2978 1136 3077 Episcopum
1165 2983 1354 3061 Londinen·

138 3079 241 3168 stru,
265 3078 307 3149 a'd
331 3073 605 3148 Universrtatem
631 3072 884 3162 ottoniensem,
916 3095 954 3148 et
976 3076 1081 3164 aiios,
1112 3078 1295 3178 juffirque,
1325 3094 1354 3154 nt

137 3175 185 3254 'in
218 3194 354 3246 errores
389 3171 536 3249 Wicieii
570 3170 807 3265 inquirerent,
850 3171 922 3241 irno
951 3169 1065 3265 ipsum
1100 3172 1137 3245 in
1176 3176 1353 3251 custodian

137 3270 288 3360 ‘darent,
315 3289 380 3342 una
406 3291 485 3342 cnm
511 3267 660 3344 adfectis.
711 3266 793 3370 Quo
809 3264 910 3432 ¹jussu
941 3267 1081 3340 excitati
1107 3270 1256 3346 Praelati
1280 3294 1353 3347 con·

135 3367 267 3447 ‘cilium
291 3364 432 3460 quidem
459 3365 657 3439 indixerunt
688 3387 734 3435 en
767 3361 844 3457 ipo
876 3383 969 3434 anno
999 3364 1178 3456 hundini,
1216 3391 1256 3444 et
1279 3388 1351 3442 ntor

139 3465 290 3539 aiterum
312 3483 341 3534 a.
372 3469 500 3556 1378.,
525 3462 582 3534 sed
607 3458 691 3533 nibil
717 3457 754 3531 in
772 3457 883 3554 ipsum
899 3458 965 3531 aust
987 3459 1061 3531 sunt
1076 3462 1288 3553 decernere,
1313 3466 1351 3539 ob

135 3560 357 3640 summorum
392 3557 547 3631 virorum
580 3554 829 3652 patrocinium,
869 3578 938 3650 quo
967 3556 1144 3630 Wiciefus
1174 3562 1350 3654 gaudebat.

138 3658 300 3734 'santum
324 3676 412 3725 vero
434 3650 550 3736 abest,
575 3673 635 3740 ut,
662 3649 753 3748 quod
776 3651 933 3723 nonnulli
955 3651 1134 3739 referunt,
1172 3656 1227 3730 uti
1252 3658 1349 3731 habet

134 3749 403 3842 'Walsrngham,
436 3748 708 3838 explicationem
738 3745 961 3819 articulorum
985 3749 1184 3837 obtulisset,
1230 3753 1349 3851 eosque

141 3846 358 3933 emuiiiiiset,
383 3861 420 3915 ut
446 3844 570 3936 Papam
598 3842 726 3915 diserte
751 3840 976 3936 adpellaverit
1006 3843 1286 3939 Antichristnm,
1308 3870 1348 3923 cu

139 3954 179 4030 in
204 3942 325 4045 primis
348 3938 594 4019 fundamento,
635 3937 729 4031 quod
755 3939 850 4010 cleto
880 3960 986 4011 avaro
1003 3959 1057 4012 -et
1082 3945 1232 4036 superbo
1255 3945 1348 4038 inpt·

131 4066 208 4163 τεεί
251 4033 532 4137 testeresponso
554 4031 742 4128 Wicrefi,
765 4035 827 4114 sub
855 4032 981 4128 nuto,
1020 4037 1174 4134 adnutu
1199 4035 1357 4205 respmpsda
