3022 4806
136 475 142 482 v

638 573 744 653 Satrai.
771 575 860 652 xit.
955 642 957 645 .
1318 572 1368 677 ἢ

192 750 222 850 5.
247 749 368 829 LVII.
393 750 556 826 Honorias
573 751 642 845 ll.,
671 771 774 830 antea
796 751 1037 845 Lambertus,
1051 752 1243 852 Episcopus
1266 753 1364 855 Osti-

156 853 252 940 enfin,
286 851 363 946 ejus
398 850 571 938 succeffor
593 855 637 925 ab
663 872 693 926 a.
724 871 848 942 11²4÷r
884 870 924 923 ut
954 851 1142 946 praecipua
1176 852 1251 946 ejus
1284 853 1361 933 acia

152 944 397 1116 perstringam,
420 970 452 1019 r.
473 945 658 1020 decelloris
670 947 864 1042 judicium,
884 969 955 1040 quo
972 947 1178 1034 Willrelmi,
1202 947 1268 1022 filii
1286 949 1362 1022 Ro·

171 1042 254 1134 erti,
287 1043 580 1117 Normannorunr
612 1043 777 1132 Comitia,
800 1042 1007 1140 conjugium
1035 1067 1116 1118 cum
1140 1043 1211 1116 filia
1237 1045 1362 1117 Falco·

150 1137 220 1226 ais,
253 1139 407 1214 Comitia
432 1136 713 1236 Andegavenfia,
748 1158 909 1234 tanquam
941 1139 1189 1237 illegitimum,
1222 1139 1362 1213 damna·

148 1251 260 1326 verat,
296 1234 545 1322 confirmavit,
580 1253 618 1306 et
639 1255 702 1330 per
724 1236 898 1330 Legatum
932 1235 1113 1325 dillolvit,
1141 1234 1245 1324 dein,
1278 1257 1361 1311 curn

146 1348 213 1401 non
235 1328 404 1424 parurffet
428 1330 663 1421 erlrelmus,
687 1351 833 1405 nuncios
854 1327 1170 1441 insupenlegati,
1205 1331 1248 1405 ad
1272 1352 1355 1407 eum

145 1425 318 1514 directos,
342 1424 432 1498 male
459 1423 651 1515 traciaffet,
682 1447 763 1500 eunt
790 1432 1131 1515 excommunicavit,
1167 1425 1362 1500 interdictu

144 1519 249 1595 eriam
276 1523 374 1594 sacto
397 1528 434 1593 ln
458 1523 533 1616 ejas
557 1524 721 1615 regiones
753 1523 847 1595 lato:
881 1539 920 1594 ut
953 1545 998 1596 ex
1034 1522 1193 1595 Honorii
1228 1523 1359 1596 litteris

145 1618 187 1688 ad
222 1619 420 1694 canonicos
450 1617 676 1690 Turoneasea
706 1618 743 1690 ia
782 1616 979 1713 spicilegio
1016 1618 1238 1691 Dacheriano
1269 1641 1358 1692 con·

143 1710 215 1785 stat
268 1714 384 1786 Paruit
407 1714 522 1809 itaque
573 1711 1279 1806 ostea,aliaaattauxore,a.1127.,
1317 1731 1358 1790 at

143 1830 187 1880 ex
211 1806 385 1883 Orderico
406 1808 519 1882 Vitala‘
545 1738 675 1884 [XII.
698 1826 808 1904 patet.
862 1831 895 1882 2.
922 1810 1111 1898 Pontium,
1144 1811 1354 1883 cluniacen·

140 1903 209 1978 iem
228 1907 428 1994 Abbatem,
451 1926 535 1977 caat
553 1903 766 1996 Abbatiam,
791 1926 912 2002 qaam,
940 1905 1239 2015 peregrinationis
1263 1906 1355 1979 Hic·

139 2001 406 2100 rusolymitaaae
420 1998 543 2088 causa,
566 1999 809 2091 abdicaverat,
832 1998 1010 2090 easfinrta,
1034 2019 1216 2096 repeteret
1243 2022 1356 2073 mma·

141 2114 175 2170 ta
198 2119 324 2185 manu,
347 2096 572 2169 anathemate
662 2095 780 2182 cnffit,
805 2114 843 2167 et
868 2093 948 2168 dein
971 2095 1008 2168 in
1031 2119 1207 2169 carcerem
1235 2097 1357 2168 detra·

141 2191 199 2281 fit,
224 2194 285 2266 ubi
306 2190 591 2265 moeroreconfe
651 2189 800 2263 subiit.
837 2191 948 2273 Via,
967 2210 1111 2285 praeter
1141 2193 1353 2265 (ardericum

140 2289 160 2361 l.
178 2287 262 2381 cit,
290 2284 487 2361 (lanfredus
509 2285 687 2361 Veliensta
704 2285 829 2375 Prior,
860 2301 962 2358 autur
987 2284 1158 2381 aequalia,
1181 2285 1223 2358 in
1243 2286 1355 2358 Claro·

141 2383 230 2459 nico.
286 2407 319 2478 3.
346 2385 500 2456 Mortuo
516 2382 677 2456 chrim
695 2382 766 2469 V.,
791 2382 943 2477 Legatos
962 2381 1074 2469 milit,
1107 2384 1166 2476 qai
1191 2379 1354 2455 Luthurii

140 2479 313 2554 saxoniae
345 2478 458 2552 Dacia
488 2475 655 2552 elestiuni
687 2475 725 2551 in
759 2477 833 2573 ejus
871 2477 989 2552 locum
1023 2477 1281 2564 interfuerunt,
1314 2491 1354 2549 et

138 2600 216 2651 curn
252 2575 430 2648 Contadua
457 2594 505 2647 ac
534 2572 737 2647 Fredericus
768 2574 917 2662 fratrea,
959 2593 1000 2644 ac
1036 2571 1166 2647 sororia
1197 2569 1352 2646 Hearici

137 2674 222 2762 filii,
249 2670 308 2744 ille
325 2667 560 2758 Franccniae,
584 2669 647 2743 iric
671 2666 919 2756 Alemanaiue,
946 2664 1004 2739 seu
1026 2666 1202 2758 sueviae,
1237 2667 1350 2757 Dux,

138 2771 178 2844 ad
213 2766 391 2862 inperium
423 2762 657 2860 adspirarent,
692 2785 754 2838 coa
775 2760 1114 2853 excommunicavit,
1155 2786 1186 2837 a.
1219 2785 1351 2853 1125„

138 2886 177 2940 ut
199 2882 319 2937 narrat
343 2863 437 2935 Otto
462 2858 687 2957 Frifingensra
711 2861 733 2934 Ι.
769 2859 854 2934 Vll.
907 2855 989 2954 Quo
1020 2857 1147 2931 eodem
1176 2880 1211 2948 4.
1248 2880 1351 2934 anno.

137 2958 362 3050 Laudinenle
378 2956 570 3032 celebravit
588 2953 777 3029 concilium
797 2976 860 3050 per
875 2954 1045 3049 Legatum
1069 2954 1200 3029 sauma
1220 2953 1351 3045 latere,

136 3059 173 3134 in
197 3079 273 3154 quo
305 3054 459 3146 capitula
494 3051 538 3124 ad
570 3049 745 3125 Ecclesiae
777 3047 1020 3121 reformandos
1051 3072 1169 3123 morea
1204 3049 1350 3127 condita

137 3153 225 3228 funt.
276 3171 311 3239 5.
336 3149 534 3223 Wilhelmo
557 3147 706 3244 Apuliae
730 3148 853 3232 Duce,
879 3145 938 3239 qui
968 3162 1083 3218 ‘terrac
1104 3147 1178 3221 suaa
1203 3146 1348 3240 legave-

137 3266 189 3324 rat
220 3248 358 3340 Papae,
384 3241 574 3332 defuneto,
608 3264 691 3316 cum
713 3240 912 3337 Rogemus,
944 3235 1084 3314 Siciliae
1117 3264 1256 3331 comet,
1290 3262 1349 3316 ear

138 3344 199 3420 fibi
222 3339 442 3428 vindicaret,
474 3358 512 3411 et
533 3337 736 3425 invaderet,
770 3357 850 3408 eum
873 3355 941 3406 non
967 3352 1100 3410 tanturn
1127 3336 1349 3412 anathemate

137 3436 321 3538 percuffit,
353 3434 411 3508 sed
436 3452 473 3506 et
495 3453 622 3506 armata
646 3456 750 3508 manu
772 3453 851 3505 cum
885 3430 1065 3518 Roberto,
1098 3434 1235 3527 Capuae
1271 3434 1349 3506 Du·

141 3559 200 3624 ce,
238 3530 383 3629 aliisque
414 3531 553 3623 Capuae
584 3529 825 3623 Principibus,
867 3525 905 3600 in
939 3549 1019 3599 eum
1051 3525 1153 3601 irruit
1187 3528 1347 3624 quidem,
1495 3561 1499 3568 ·

136 3631 192 3708 sed
232 3651 316 3703 curn
358 3626 541 3699 Robertus
580 3624 708 3722 aliique
751 3621 913 3696 militiam
956 3621 1185 3712 desererent,
1228 3625 1347 3698 animo
1478 3652 1480 3657 ¹

136 3745 290 3814 mutato,
315 3720 463 3796 tradidit
485 3720 648 3813 Rogerio
663 3722 847 3792 Daturum
874 3717 934 3790 sab
948 3718 1146 3814 juramento
1170 3718 1346 3793 fidelitatis

138 3849 168 3902 a.
196 3830 299 3904 1128.
328 3815 420 3894 Vid.
447 3816 558 3889 Falco
581 3818 849 3889 Beneventanus
874 3815 909 3884 in
930 3816 1135 3905 Chronico,
1169 3835 1207 3888 et
1237 3817 1345 3889 Alex·

138 3924 234 3996 ander
256 3919 386 3994 Abbaa
417 3909 563 3985 Celesrn.
596 3910 631 3984 in
663 3907 807 3984 historia
840 3909 1010 4004 Ragerii,
1047 3933 1152 3985 autor
1181 3910 1347 4008 aequalis.

140 4017 291 4119 Denique
322 4019 363 4092 ό.
389 4007 480 4085 duos
497 4006 733 4174 Patriarclraai
755 4005 1017 4105 Aquileieufem
1040 4026 1076 4086 et
1093 4007 1352 4110 venetiarum,
1507 4083 1510 4092 ¹

756 4123 778 4177 2
1271 4119 1353 4197 qura
