<?xml version="1.0" encoding="UTF-8"?>
<!DOCTYPE html PUBLIC "-//W3C//DTD XHTML 1.0 Transitional//EN"
    "http://www.w3.org/TR/xhtml1/DTD/xhtml1-transitional.dtd">
<html xmlns="http://www.w3.org/1999/xhtml" xml:lang="en" lang="en">
 <head>
  <title>
</title>
<meta http-equiv="Content-Type" content="text/html;charset=utf-8" />
  <meta name='ocr-system' content='tesseract 3.04.00' />
  <meta name='ocr-capabilities' content='ocr_page ocr_carea ocr_par ocr_line ocrx_word'/>
</head>
<body>
  <div class='ocr_page' id='page_1' title='image "./hermannivenemai00venegoog_0123.png"; bbox 0 0 3022 4806; ppageno 0'>
   <div class='ocr_carea' id='block_1_1' title="bbox 130 626 953 739">
    <p class='ocr_par' dir='ltr' id='par_1_1' title="bbox 130 626 953 739">
     <span class='ocr_line' id='line_1_1' title="bbox 130 626 953 739; baseline 0.002 -24"><span class='ocrx_word' id='word_1_1' title='bbox 130 659 200 717; x_wconf 78' lang='grc' dir='ltr'><strong>ιη</strong></span> <span class='ocrx_word' id='word_1_2' title='bbox 497 626 658 732; x_wconf 72' lang='lat' dir='ltr'><strong>&#39;&#39;Historia</strong></span> <span class='ocrx_word' id='word_1_3' title='bbox 680 635 807 738; x_wconf 85' lang='lat' dir='ltr'><strong>Eccles.</strong></span> <span class='ocrx_word' id='word_1_4' title='bbox 834 636 953 739; x_wconf 59' lang='lat' dir='ltr'><strong>tirno.</strong></span> 
     </span>
    </p>
   </div>
   <div class='ocr_carea' id='block_1_2' title="bbox 136 805 1355 1010">
    <p class='ocr_par' dir='ltr' id='par_1_2' title="bbox 136 805 1355 1010">
     <span class='ocr_line' id='line_1_2' title="bbox 136 805 1351 915; baseline -0.012 -19"><span class='ocrx_word' id='word_1_5' title='bbox 136 819 183 896; x_wconf 86' lang='lat' dir='ltr'><strong>de</strong></span> <span class='ocrx_word' id='word_1_6' title='bbox 213 813 354 903; x_wconf 77' lang='lat' dir='ltr'><strong>Latina,</strong></span> <span class='ocrx_word' id='word_1_7' title='bbox 389 831 427 886; x_wconf 88' lang='lat' dir='ltr'><strong>et</strong></span> <span class='ocrx_word' id='word_1_8' title='bbox 458 812 675 888; x_wconf 83' lang='lat' dir='ltr'><strong>Patriarthoe</strong></span> <span class='ocrx_word' id='word_1_9' title='bbox 711 816 1053 915; x_wconf 82' lang='lat' dir='ltr'><strong>Hierosolymitano,</strong></span> <span class='ocrx_word' id='word_1_10' title='bbox 1082 815 1140 892; x_wconf 82' lang='lat' dir='ltr'><strong>tui</strong></span> <span class='ocrx_word' id='word_1_11' title='bbox 1170 805 1351 889; x_wconf 81' lang='lat' dir='ltr'><strong>debonis</strong></span> 
     </span>
     <span class='ocr_line' id='line_1_3' title="bbox 136 901 1355 1010; baseline -0.014 -19"><span class='ocrx_word' id='word_1_12' title='bbox 136 913 204 991; x_wconf 80' lang='lat' dir='ltr'><strong>suit</strong></span> <span class='ocrx_word' id='word_1_13' title='bbox 230 914 405 988; x_wconf 89' lang='lat' dir='ltr'><strong>solvebant</strong></span> <span class='ocrx_word' id='word_1_14' title='bbox 426 910 589 984; x_wconf 85' lang='lat' dir='ltr'><strong>decimas.</strong></span> <span class='ocrx_word' id='word_1_15' title='bbox 641 913 822 1009; x_wconf 80' lang='lat' dir='ltr'><strong>Progrellu</strong></span> <span class='ocrx_word' id='word_1_16' title='bbox 845 919 933 990; x_wconf 84' lang='lat' dir='ltr'><strong>dein.</strong></span> <span class='ocrx_word' id='word_1_17' title='bbox 954 914 1142 1010; x_wconf 87' lang='lat' dir='ltr'><strong>temporis,</strong></span> <span class='ocrx_word' id='word_1_18' title='bbox 1171 931 1254 985; x_wconf 85' lang='lat' dir='ltr'><strong>cum</strong></span> <span class='ocrx_word' id='word_1_19' title='bbox 1282 901 1355 978; x_wconf 85' lang='lat' dir='ltr'><strong>sese</strong></span> 
     </span>
    </p>
   </div>
   <div class='ocr_carea' id='block_1_3' title="bbox 105 1004 1399 4248">
    <p class='ocr_par' dir='ltr' id='par_1_3' title="bbox 138 1004 1399 2900">
     <span class='ocr_line' id='line_1_4' title="bbox 140 1004 1356 1110; baseline -0.007 -23"><span class='ocrx_word' id='word_1_20' title='bbox 140 1012 182 1087; x_wconf 77' lang='lat' dir='ltr'><strong>td</strong></span> <span class='ocrx_word' id='word_1_21' title='bbox 215 1012 482 1107; x_wconf 80' lang='lat' dir='ltr'><strong>peregrinantes</strong></span> <span class='ocrx_word' id='word_1_22' title='bbox 512 1004 551 1078; x_wconf 91' lang='lat' dir='ltr'><strong>in</strong></span> <span class='ocrx_word' id='word_1_23' title='bbox 586 1007 648 1082; x_wconf 82' lang='lat' dir='ltr'><strong>via</strong></span> <span class='ocrx_word' id='word_1_24' title='bbox 682 1014 846 1084; x_wconf 80' lang='lat' dir='ltr'><strong>tutandos</strong></span> <span class='ocrx_word' id='word_1_25' title='bbox 875 1031 912 1085; x_wconf 88' lang='lat' dir='ltr'><strong>et</strong></span> <span class='ocrx_word' id='word_1_26' title='bbox 954 1008 1194 1084; x_wconf 79' lang='lat' dir='ltr'><strong>defendendos</strong></span> <span class='ocrx_word' id='word_1_27' title='bbox 1233 1019 1356 1110; x_wconf 58' lang='lat' dir='ltr'><strong>vetto·</strong></span> 
     </span>
     <span class='ocr_line' id='line_1_5' title="bbox 138 1098 1396 1198; baseline -0.011 -18"><span class='ocrx_word' id='word_1_28' title='bbox 138 1125 218 1182; x_wconf 87' lang='lat' dir='ltr'><strong>rent</strong></span> <span class='ocrx_word' id='word_1_29' title='bbox 257 1123 378 1178; x_wconf 86' lang='lat' dir='ltr'><strong>contra</strong></span> <span class='ocrx_word' id='word_1_30' title='bbox 412 1100 593 1191; x_wconf 84' lang='lat' dir='ltr'><strong>infideles,</strong></span> <span class='ocrx_word' id='word_1_31' title='bbox 638 1106 793 1198; x_wconf 78' lang='lat' dir='ltr'>receptis</span> <span class='ocrx_word' id='word_1_32' title='bbox 826 1108 864 1181; x_wconf 87' lang='lat' dir='ltr'><strong>in</strong></span> <span class='ocrx_word' id='word_1_33' title='bbox 904 1105 1067 1179; x_wconf 85' lang='lat' dir='ltr'>ordinem</span> <span class='ocrx_word' id='word_1_34' title='bbox 1112 1104 1211 1179; x_wconf 89' lang='lat' dir='ltr'><strong>suum</strong></span> <span class='ocrx_word' id='word_1_35' title='bbox 1256 1098 1355 1170; x_wconf 85' lang='lat' dir='ltr'><strong>mili·</strong></span> <span class='ocrx_word' id='word_1_36' title='bbox 1395 1163 1396 1168; x_wconf 75' lang='grc'>,</span> 
     </span>
     <span class='ocr_line' id='line_1_6' title="bbox 142 1190 1353 1299; baseline -0.01 -20"><span class='ocrx_word' id='word_1_37' title='bbox 142 1205 252 1290; x_wconf 89' lang='lat' dir='ltr'><strong>tibus,</strong></span> <span class='ocrx_word' id='word_1_38' title='bbox 285 1200 373 1272; x_wconf 88' lang='lat' dir='ltr'><strong>ordo</strong></span> <span class='ocrx_word' id='word_1_39' title='bbox 399 1195 463 1269; x_wconf 88' lang='lat' dir='ltr'><strong>iste</strong></span> <span class='ocrx_word' id='word_1_40' title='bbox 488 1195 596 1271; x_wconf 73' lang='lat' dir='ltr'><strong>faetus</strong></span> <span class='ocrx_word' id='word_1_41' title='bbox 619 1195 865 1297; x_wconf 77' lang='lat' dir='ltr'><strong>est·eqoestris;</strong></span> <span class='ocrx_word' id='word_1_42' title='bbox 896 1219 934 1276; x_wconf 91' lang='lat' dir='ltr'><strong>et</strong></span> <span class='ocrx_word' id='word_1_43' title='bbox 955 1201 1093 1299; x_wconf 83' lang='lat' dir='ltr'><strong>negotia</strong></span> <span class='ocrx_word' id='word_1_44' title='bbox 1116 1200 1192 1275; x_wconf 89' lang='lat' dir='ltr'><strong>sunt</strong></span> <span class='ocrx_word' id='word_1_45' title='bbox 1217 1190 1353 1298; x_wconf 59' lang='lat' dir='ltr'><strong>diviso,</strong></span> 
     </span>
     <span class='ocr_line' id='line_1_7' title="bbox 144 1291 1357 1394; baseline -0.011 -20"><span class='ocrx_word' id='word_1_46' title='bbox 144 1301 193 1374; x_wconf 88' lang='lat' dir='ltr'><strong>ita</strong></span> <span class='ocrx_word' id='word_1_47' title='bbox 227 1313 264 1369; x_wconf 89' lang='lat' dir='ltr'><strong>ut</strong></span> <span class='ocrx_word' id='word_1_48' title='bbox 298 1292 357 1366; x_wconf 90' lang='lat' dir='ltr'><strong>alii</strong></span> <span class='ocrx_word' id='word_1_49' title='bbox 389 1291 620 1366; x_wconf 85' lang='lat' dir='ltr'>defenderent</span> <span class='ocrx_word' id='word_1_50' title='bbox 652 1293 789 1383; x_wconf 82' lang='lat' dir='ltr'><strong>fideles,</strong></span> <span class='ocrx_word' id='word_1_51' title='bbox 821 1296 876 1370; x_wconf 89' lang='lat' dir='ltr'><strong>alii</strong></span> <span class='ocrx_word' id='word_1_52' title='bbox 916 1297 1127 1393; x_wconf 74' lang='lat' dir='ltr'>pauperibus</span> <span class='ocrx_word' id='word_1_53' title='bbox 1157 1313 1195 1367; x_wconf 92' lang='lat' dir='ltr'><strong>et</strong></span> <span class='ocrx_word' id='word_1_54' title='bbox 1228 1305 1357 1394; x_wconf 68' lang='lat' dir='ltr'><strong>egents</strong></span> 
     </span>
     <span class='ocr_line' id='line_1_8' title="bbox 145 1387 1357 1487; baseline -0.008 -21"><span class='ocrx_word' id='word_1_55' title='bbox 145 1388 402 1477; x_wconf 81' lang='lat' dir='ltr'><strong>ministrarent,</strong></span> <span class='ocrx_word' id='word_1_56' title='bbox 434 1387 643 1462; x_wconf 87' lang='lat' dir='ltr'><strong>nominatim</strong></span> <span class='ocrx_word' id='word_1_57' title='bbox 666 1390 819 1486; x_wconf 78' lang='lat' dir='ltr'><strong>leproſss3</strong></span> <span class='ocrx_word' id='word_1_58' title='bbox 853 1398 945 1467; x_wconf 90' lang='lat' dir='ltr'><strong>unde</strong></span> <span class='ocrx_word' id='word_1_59' title='bbox 967 1391 1126 1487; x_wconf 83' lang='lat' dir='ltr'><strong>adpellati</strong></span> <span class='ocrx_word' id='word_1_60' title='bbox 1151 1390 1230 1462; x_wconf 88' lang='lat' dir='ltr'><strong>sunt</strong></span> <span class='ocrx_word' id='word_1_61' title='bbox 1253 1404 1357 1480; x_wconf 85' lang='lat' dir='ltr'><strong>equi·</strong></span> 
     </span>
     <span class='ocr_line' id='line_1_9' title="bbox 148 1480 1358 1585; baseline -0.008 -21"><span class='ocrx_word' id='word_1_62' title='bbox 148 1509 201 1565; x_wconf 88' lang='lat' dir='ltr'><strong>tes</strong></span> <span class='ocrx_word' id='word_1_63' title='bbox 232 1488 265 1559; x_wconf 88' lang='lat' dir='ltr'><strong>S.</strong></span> <span class='ocrx_word' id='word_1_64' title='bbox 300 1480 432 1558; x_wconf 86' lang='lat' dir='ltr'><strong>Lazari.</strong></span> <span class='ocrx_word' id='word_1_65' title='bbox 480 1484 667 1560; x_wconf 87' lang='lat' dir='ltr'><strong>Communi</strong></span> <span class='ocrx_word' id='word_1_66' title='bbox 701 1509 787 1561; x_wconf 88' lang='lat' dir='ltr'><strong>vero</strong></span> <span class='ocrx_word' id='word_1_67' title='bbox 818 1489 963 1585; x_wconf 70' lang='lat' dir='ltr'><strong>subjeeti</strong></span> <span class='ocrx_word' id='word_1_68' title='bbox 995 1491 1072 1561; x_wconf 88' lang='lat' dir='ltr'><strong>sunt</strong></span> <span class='ocrx_word' id='word_1_69' title='bbox 1103 1481 1285 1581; x_wconf 84' lang='lat' dir='ltr'><strong>magistro,</strong></span> <span class='ocrx_word' id='word_1_70' title='bbox 1317 1491 1358 1550; x_wconf 87' lang='lat' dir='ltr'><strong>et</strong></span> 
     </span>
     <span class='ocr_line' id='line_1_10' title="bbox 143 1581 1359 1685; baseline -0.007 -30"><span class='ocrx_word' id='word_1_71' title='bbox 143 1582 264 1685; x_wconf 84' lang='lat' dir='ltr'><strong>postea</strong></span> <span class='ocrx_word' id='word_1_72' title='bbox 290 1581 483 1654; x_wconf 84' lang='lat' dir='ltr'><strong>inmensum</strong></span> <span class='ocrx_word' id='word_1_73' title='bbox 513 1582 550 1656; x_wconf 88' lang='lat' dir='ltr'><strong>in</strong></span> <span class='ocrx_word' id='word_1_74' title='bbox 581 1602 782 1671; x_wconf 86' lang='lat' dir='ltr'><strong>numerum,</strong></span> <span class='ocrx_word' id='word_1_75' title='bbox 817 1605 854 1656; x_wconf 91' lang='lat' dir='ltr'><strong>et</strong></span> <span class='ocrx_word' id='word_1_76' title='bbox 887 1585 993 1657; x_wconf 86' lang='lat' dir='ltr'><strong>varias</strong></span> <span class='ocrx_word' id='word_1_77' title='bbox 1017 1584 1053 1656; x_wconf 90' lang='lat' dir='ltr'><strong>in</strong></span> <span class='ocrx_word' id='word_1_78' title='bbox 1081 1585 1265 1668; x_wconf 85' lang='lat' dir='ltr'><strong>nationes,</strong></span> <span class='ocrx_word' id='word_1_79' title='bbox 1293 1596 1359 1647; x_wconf 83' lang='lat' dir='ltr'><strong>ex·</strong></span> 
     </span>
     <span class='ocr_line' id='line_1_11' title="bbox 143 1673 1357 1771; baseline -0.01 -16"><span class='ocrx_word' id='word_1_80' title='bbox 143 1697 354 1766; x_wconf 86' lang='lat' dir='ltr'><strong>creverunt,</strong></span> <span class='ocrx_word' id='word_1_81' title='bbox 385 1677 616 1771; x_wconf 84' lang='lat' dir='ltr'><strong>ingentesque</strong></span> <span class='ocrx_word' id='word_1_82' title='bbox 643 1699 729 1770; x_wconf 89' lang='lat' dir='ltr'><strong>opes</strong></span> <span class='ocrx_word' id='word_1_83' title='bbox 747 1678 968 1753; x_wconf 75' lang='lat' dir='ltr'><strong>corroserunt</strong></span> <span class='ocrx_word' id='word_1_84' title='bbox 994 1698 1038 1753; x_wconf 85' lang='lat' dir='ltr'><strong>err</strong></span> <span class='ocrx_word' id='word_1_85' title='bbox 1064 1677 1217 1751; x_wconf 88' lang='lat' dir='ltr'><strong>fidelium</strong></span> <span class='ocrx_word' id='word_1_86' title='bbox 1244 1673 1357 1746; x_wconf 81' lang='lat' dir='ltr'><strong>dona·</strong></span> 
     </span>
     <span class='ocr_line' id='line_1_12' title="bbox 145 1766 1358 1864; baseline -0.012 -11"><span class='ocrx_word' id='word_1_87' title='bbox 145 1774 331 1862; x_wconf 78' lang='lat' dir='ltr'><strong>tionibus,</strong></span> <span class='ocrx_word' id='word_1_88' title='bbox 372 1771 514 1864; x_wconf 88' lang='lat' dir='ltr'><strong>aliisque</strong></span> <span class='ocrx_word' id='word_1_89' title='bbox 553 1773 722 1847; x_wconf 87' lang='lat' dir='ltr'><strong>fontibus.</strong></span> <span class='ocrx_word' id='word_1_90' title='bbox 787 1776 873 1847; x_wconf 90' lang='lat' dir='ltr'><strong>Cum</strong></span> <span class='ocrx_word' id='word_1_91' title='bbox 918 1798 1004 1848; x_wconf 93' lang='lat' dir='ltr'><strong>vero</strong></span> <span class='ocrx_word' id='word_1_92' title='bbox 1052 1793 1154 1846; x_wconf 85' lang='lat' dir='ltr'><strong>antea</strong></span> <span class='ocrx_word' id='word_1_93' title='bbox 1202 1766 1358 1844; x_wconf 78' lang='lat' dir='ltr'><strong>decimas</strong></span> 
     </span>
     <span class='ocr_line' id='line_1_13' title="bbox 144 1861 1358 1974; baseline -0.01 -28"><span class='ocrx_word' id='word_1_94' title='bbox 144 1870 345 1974; x_wconf 81' lang='lat' dir='ltr'><strong>penderent</strong></span> <span class='ocrx_word' id='word_1_95' title='bbox 377 1865 641 1956; x_wconf 78' lang='lat' dir='ltr'><strong>Patriarchue,</strong></span> <span class='ocrx_word' id='word_1_96' title='bbox 673 1887 718 1939; x_wconf 88' lang='lat' dir='ltr'><strong>ut·</strong></span> <span class='ocrx_word' id='word_1_97' title='bbox 751 1867 852 1958; x_wconf 81' lang='lat' dir='ltr'><strong>dixi,</strong></span> <span class='ocrx_word' id='word_1_98' title='bbox 899 1870 1003 1967; x_wconf 87' lang='lat' dir='ltr'><strong>eique</strong></span> <span class='ocrx_word' id='word_1_99' title='bbox 1041 1869 1148 1944; x_wconf 83' lang='lat' dir='ltr'><strong>effent</strong></span> <span class='ocrx_word' id='word_1_100' title='bbox 1187 1861 1358 1960; x_wconf 74' lang='lat' dir='ltr'><strong>subjedii,</strong></span> 
     </span>
     <span class='ocr_line' id='line_1_14' title="bbox 147 1958 1360 2058; baseline -0.013 -13"><span class='ocrx_word' id='word_1_101' title='bbox 147 1963 343 2045; x_wconf 75' lang='lat' dir='ltr'><strong>Anastasius</strong></span> <span class='ocrx_word' id='word_1_102' title='bbox 381 1962 444 2036; x_wconf 86' lang='lat' dir='ltr'><strong>IX.</strong></span> <span class='ocrx_word' id='word_1_103' title='bbox 495 1961 585 2056; x_wconf 85' lang='lat' dir='ltr'><strong>Papa</strong></span> <span class='ocrx_word' id='word_1_104' title='bbox 632 1961 766 2058; x_wconf 80' lang='lat' dir='ltr'><strong>insigne</strong></span> <span class='ocrx_word' id='word_1_105' title='bbox 815 1966 860 2038; x_wconf 90' lang='lat' dir='ltr'><strong>iis</strong></span> <span class='ocrx_word' id='word_1_106' title='bbox 909 1965 1077 2038; x_wconf 73' lang='lat' dir='ltr'><strong>concesso</strong></span> <span class='ocrx_word' id='word_1_107' title='bbox 1132 1958 1360 2058; x_wconf 86' lang='lat' dir='ltr'><strong>privilegium</strong></span> 
     </span>
     <span class='ocr_line' id='line_1_15' title="bbox 146 2057 1361 2162; baseline -0.009 -24"><span class='ocrx_word' id='word_1_108' title='bbox 146 2084 179 2140; x_wconf 75' lang='lat' dir='ltr'><strong>a.</strong></span> <span class='ocrx_word' id='word_1_109' title='bbox 208 2083 333 2152; x_wconf 60' lang='lat'><strong>1154,</strong></span> <span class='ocrx_word' id='word_1_110' title='bbox 359 2078 465 2152; x_wconf 86' lang='lat' dir='ltr'><strong>quoa</strong></span> <span class='ocrx_word' id='word_1_111' title='bbox 484 2057 650 2145; x_wconf 87' lang='lat' dir='ltr'><strong>decimis,</strong></span> <span class='ocrx_word' id='word_1_112' title='bbox 676 2059 814 2156; x_wconf 82' lang='lat' dir='ltr'><strong>aliisque</strong></span> <span class='ocrx_word' id='word_1_113' title='bbox 831 2061 1013 2149; x_wconf 85' lang='lat' dir='ltr'><strong>oneribus,</strong></span> <span class='ocrx_word' id='word_1_114' title='bbox 1041 2059 1175 2134; x_wconf 89' lang='lat' dir='ltr'><strong>liberati</strong></span> <span class='ocrx_word' id='word_1_115' title='bbox 1191 2058 1361 2162; x_wconf 38' lang='lat' dir='ltr'><strong>sunm-ae</strong></span> 
     </span>
     <span class='ocr_line' id='line_1_16' title="bbox 146 2151 1359 2249; baseline -0.014 -12"><span class='ocrx_word' id='word_1_116' title='bbox 146 2155 368 2237; x_wconf 84' lang='lat' dir='ltr'><strong>Patritrchae</strong></span> <span class='ocrx_word' id='word_1_117' title='bbox 394 2172 431 2226; x_wconf 90' lang='lat' dir='ltr'><strong>et</strong></span> <span class='ocrx_word' id='word_1_118' title='bbox 452 2153 688 2228; x_wconf 87' lang='lat' dir='ltr'><strong>Praelatorum</strong></span> <span class='ocrx_word' id='word_1_119' title='bbox 716 2154 959 2249; x_wconf 74' lang='lat' dir='ltr'><strong>jurisdidlione</strong></span> <span class='ocrx_word' id='word_1_120' title='bbox 990 2154 1146 2244; x_wconf 82' lang='lat' dir='ltr'><strong>exemti3</strong></span> <span class='ocrx_word' id='word_1_121' title='bbox 1179 2151 1271 2226; x_wconf 89' lang='lat' dir='ltr'><strong>unde</strong></span> <span class='ocrx_word' id='word_1_122' title='bbox 1301 2169 1359 2220; x_wconf 82' lang='lat' dir='ltr'><strong>rn-</strong></span> 
     </span>
     <span class='ocr_line' id='line_1_17' title="bbox 149 2240 1359 2346; baseline -0.012 -16"><span class='ocrx_word' id='word_1_123' title='bbox 149 2272 205 2330; x_wconf 86' lang='lat' dir='ltr'><strong>ter</strong></span> <span class='ocrx_word' id='word_1_124' title='bbox 235 2276 296 2327; x_wconf 87' lang='lat' dir='ltr'><strong>eos</strong></span> <span class='ocrx_word' id='word_1_125' title='bbox 327 2267 363 2322; x_wconf 88' lang='lat' dir='ltr'><strong>et</strong></span> <span class='ocrx_word' id='word_1_126' title='bbox 388 2250 526 2323; x_wconf 86' lang='lat' dir='ltr'><strong>Clerum</strong></span> <span class='ocrx_word' id='word_1_127' title='bbox 553 2251 911 2346; x_wconf 76' lang='lat' dir='ltr'><strong>Hierosolymitanum</strong></span> <span class='ocrx_word' id='word_1_128' title='bbox 946 2274 1027 2324; x_wconf 77' lang='lat' dir='ltr'><strong>mox</strong></span> <span class='ocrx_word' id='word_1_129' title='bbox 1058 2271 1136 2323; x_wconf 85' lang='lat' dir='ltr'><strong>orta</strong></span> <span class='ocrx_word' id='word_1_130' title='bbox 1175 2249 1254 2321; x_wconf 86' lang='lat' dir='ltr'><strong>sunt</strong></span> <span class='ocrx_word' id='word_1_131' title='bbox 1285 2240 1359 2319; x_wconf 89' lang='lat' dir='ltr'><strong>dis·</strong></span> 
     </span>
     <span class='ocr_line' id='line_1_18' title="bbox 147 2339 1362 2442; baseline -0.011 -18"><span class='ocrx_word' id='word_1_132' title='bbox 147 2349 243 2425; x_wconf 80' lang='lat' dir='ltr'><strong>sidia.</strong></span> <span class='ocrx_word' id='word_1_133' title='bbox 295 2348 460 2418; x_wconf 89' lang='lat' dir='ltr'><strong>Ceterum</strong></span> <span class='ocrx_word' id='word_1_134' title='bbox 499 2344 538 2415; x_wconf 91' lang='lat' dir='ltr'><strong>hi</strong></span> <span class='ocrx_word' id='word_1_135' title='bbox 572 2344 636 2438; x_wconf 86' lang='lat' dir='ltr'><strong>ipsi</strong></span> <span class='ocrx_word' id='word_1_136' title='bbox 671 2345 921 2440; x_wconf 76' lang='lat' dir='ltr'><strong>Hospitalorii,</strong></span> <span class='ocrx_word' id='word_1_137' title='bbox 949 2346 1068 2442; x_wconf 24' lang='lat' dir='ltr'><strong>post-ea</strong></span> <span class='ocrx_word' id='word_1_138' title='bbox 1100 2359 1174 2440; x_wconf 84' lang='lat' dir='ltr'><strong>per</strong></span> <span class='ocrx_word' id='word_1_139' title='bbox 1199 2339 1362 2416; x_wconf 83' lang='lat' dir='ltr'><strong>infideles</strong></span> 
     </span>
     <span class='ocr_line' id='line_1_19' title="bbox 150 2436 1361 2533; baseline -0.007 -14"><span class='ocrx_word' id='word_1_140' title='bbox 150 2439 399 2533; x_wconf 85' lang='lat' dir='ltr'><strong>Hierosolyma</strong></span> <span class='ocrx_word' id='word_1_141' title='bbox 430 2436 582 2530; x_wconf 86' lang='lat' dir='ltr'><strong>expulsi,</strong></span> <span class='ocrx_word' id='word_1_142' title='bbox 616 2437 782 2512; x_wconf 90' lang='lat' dir='ltr'><strong>Rhodum</strong></span> <span class='ocrx_word' id='word_1_143' title='bbox 809 2442 1018 2517; x_wconf 76' lang='lat' dir='ltr'><strong>secesserunt</strong></span> <span class='ocrx_word' id='word_1_144' title='bbox 1043 2442 1078 2514; x_wconf 91' lang='lat' dir='ltr'><strong>in</strong></span> <span class='ocrx_word' id='word_1_145' title='bbox 1110 2437 1273 2526; x_wconf 86' lang='lat' dir='ltr'><strong>insulam,</strong></span> <span class='ocrx_word' id='word_1_146' title='bbox 1318 2457 1361 2510; x_wconf 84' lang='lat' dir='ltr'><strong>ac</strong></span> 
     </span>
     <span class='ocr_line' id='line_1_20' title="bbox 148 2530 1363 2632; baseline -0.007 -19"><span class='ocrx_word' id='word_1_147' title='bbox 148 2534 287 2615; x_wconf 83' lang='lat' dir='ltr'><strong>Rhodii</strong></span> <span class='ocrx_word' id='word_1_148' title='bbox 308 2531 413 2618; x_wconf 75' lang='lat' dir='ltr'><strong>uitii,</strong></span> <span class='ocrx_word' id='word_1_149' title='bbox 439 2531 506 2604; x_wconf 88' lang='lat' dir='ltr'><strong>sec.</strong></span> <span class='ocrx_word' id='word_1_150' title='bbox 526 2530 652 2619; x_wconf 61' lang='lat' dir='ltr'>XIV„</span> <span class='ocrx_word' id='word_1_151' title='bbox 677 2533 823 2624; x_wconf 89' lang='lat' dir='ltr'><strong>deinde,</strong></span> <span class='ocrx_word' id='word_1_152' title='bbox 842 2538 974 2611; x_wconf 81' lang='lat' dir='ltr'><strong>Rhodo</strong></span> <span class='ocrx_word' id='word_1_153' title='bbox 991 2561 1009 2610; x_wconf 92' lang='lat' dir='ltr'>a</span> <span class='ocrx_word' id='word_1_154' title='bbox 1026 2539 1237 2632; x_wconf 73' lang='lat' dir='ltr'><strong>solymanno</strong></span> <span class='ocrx_word' id='word_1_155' title='bbox 1254 2552 1363 2625; x_wconf 85' lang='lat' dir='ltr'><strong>occu·</strong></span> 
     </span>
     <span class='ocr_line' id='line_1_21' title="bbox 151 2624 1361 2732; baseline -0.002 -29"><span class='ocrx_word' id='word_1_156' title='bbox 151 2651 252 2732; x_wconf 83' lang='lat' dir='ltr'><strong>pata,</strong></span> <span class='ocrx_word' id='word_1_157' title='bbox 285 2628 425 2703; x_wconf 88' lang='lat' dir='ltr'><strong>insulam</strong></span> <span class='ocrx_word' id='word_1_158' title='bbox 452 2624 616 2699; x_wconf 88' lang='lat' dir='ltr'><strong>Miletum</strong></span> <span class='ocrx_word' id='word_1_159' title='bbox 639 2627 700 2702; x_wconf 87' lang='lat' dir='ltr'><strong>sibi</strong></span> <span class='ocrx_word' id='word_1_160' title='bbox 726 2631 965 2725; x_wconf 78' lang='lat' dir='ltr'><strong>vindicarunt,</strong></span> <span class='ocrx_word' id='word_1_161' title='bbox 998 2657 1040 2705; x_wconf 85' lang='lat' dir='ltr'><strong>ac</strong></span> <span class='ocrx_word' id='word_1_162' title='bbox 1064 2629 1267 2705; x_wconf 82' lang='lat' dir='ltr'><strong>Melitenses</strong></span> <span class='ocrx_word' id='word_1_163' title='bbox 1298 2626 1361 2701; x_wconf 81' lang='lat' dir='ltr'><strong>ad·</strong></span> 
     </span>
     <span class='ocr_line' id='line_1_22' title="bbox 199 2721 1399 2837; baseline -0.003 -38"><span class='ocrx_word' id='word_1_164' title='bbox 199 2725 268 2837; x_wconf 82' lang='lat' dir='ltr'><strong>llati</strong></span> <span class='ocrx_word' id='word_1_165' title='bbox 292 2721 429 2822; x_wconf 90' lang='lat' dir='ltr'><strong>equites</strong></span> <span class='ocrx_word' id='word_1_166' title='bbox 455 2721 523 2797; x_wconf 86' lang='lat' dir='ltr'><strong>sec.</strong></span> <span class='ocrx_word' id='word_1_167' title='bbox 549 2723 650 2798; x_wconf 88' lang='lat' dir='ltr'>XVI.</span> <span class='ocrx_word' id='word_1_168' title='bbox 700 2725 781 2823; x_wconf 85' lang='lat' dir='ltr'><strong>Quo</strong></span> <span class='ocrx_word' id='word_1_169' title='bbox 813 2735 964 2801; x_wconf 82' lang='lat' dir='ltr'><strong>nomine</strong></span> <span class='ocrx_word' id='word_1_170' title='bbox 988 2728 1101 2801; x_wconf 84' lang='lat' dir='ltr'><strong>adhuc</strong></span> <span class='ocrx_word' id='word_1_171' title='bbox 1134 2726 1213 2800; x_wconf 88' lang='lat' dir='ltr'><strong>sunt</strong></span> <span class='ocrx_word' id='word_1_172' title='bbox 1251 2721 1363 2797; x_wconf 82' lang='lat' dir='ltr'><strong>notis·</strong></span> <span class='ocrx_word' id='word_1_173' title='bbox 1396 2745 1399 2749; x_wconf 77' lang='grc'>’</span> 
     </span>
     <span class='ocr_line' id='line_1_23' title="bbox 178 2846 232 2900; baseline -0.13 0"><span class='ocrx_word' id='word_1_174' title='bbox 178 2846 232 2900; x_wconf 88' lang='lat' dir='ltr'><strong>mr.</strong></span> 
     </span>
    </p>

    <p class='ocr_par' dir='ltr' id='par_1_4' title="bbox 146 2912 1365 3213">
     <span class='ocr_line' id='line_1_24' title="bbox 196 2912 1365 3019; baseline 0 -28"><span class='ocrx_word' id='word_1_175' title='bbox 196 2921 228 3019; x_wconf 52' lang='grc' dir='ltr'><strong>ᾗ.</strong></span> <span class='ocrx_word' id='word_1_176' title='bbox 255 2917 404 2991; x_wconf 90' lang='lat' dir='ltr'>XCVII.</span> <span class='ocrx_word' id='word_1_177' title='bbox 430 2912 593 3010; x_wconf 80' lang='lat' dir='ltr'><strong>Ejusdem</strong></span> <span class='ocrx_word' id='word_1_178' title='bbox 619 2914 695 2991; x_wconf 84' lang='lat' dir='ltr'><strong>fere</strong></span> <span class='ocrx_word' id='word_1_179' title='bbox 718 2915 866 2992; x_wconf 80' lang='lat' dir='ltr'><strong>instituti</strong></span> <span class='ocrx_word' id='word_1_180' title='bbox 891 2938 927 2994; x_wconf 91' lang='lat' dir='ltr'><strong>et</strong></span> <span class='ocrx_word' id='word_1_181' title='bbox 951 2920 1119 3014; x_wconf 83' lang='lat' dir='ltr'><strong>temporis</strong></span> <span class='ocrx_word' id='word_1_182' title='bbox 1152 2920 1229 2991; x_wconf 91' lang='lat' dir='ltr'><strong>sunt</strong></span> <span class='ocrx_word' id='word_1_183' title='bbox 1266 2913 1365 2991; x_wconf 82' lang='lat' dir='ltr'><strong>Tem·</strong></span> 
     </span>
     <span class='ocr_line' id='line_1_25' title="bbox 146 3011 1363 3116; baseline -0.002 -27"><span class='ocrx_word' id='word_1_184' title='bbox 146 3018 270 3116; x_wconf 81' lang='lat' dir='ltr'><strong>plorii,</strong></span> <span class='ocrx_word' id='word_1_185' title='bbox 304 3013 361 3084; x_wconf 89' lang='lat' dir='ltr'><strong>seu</strong></span> <span class='ocrx_word' id='word_1_186' title='bbox 395 3012 518 3083; x_wconf 85' lang='lat' dir='ltr'><strong>fratres</strong></span> <span class='ocrx_word' id='word_1_187' title='bbox 552 3013 696 3086; x_wconf 83' lang='lat' dir='ltr'><strong>militiae</strong></span> <span class='ocrx_word' id='word_1_188' title='bbox 730 3018 888 3110; x_wconf 81' lang='lat' dir='ltr'><strong>Templi,</strong></span> <span class='ocrx_word' id='word_1_189' title='bbox 925 3041 970 3089; x_wconf 89' lang='lat' dir='ltr'><strong>eo</strong></span> <span class='ocrx_word' id='word_1_190' title='bbox 1000 3017 1146 3088; x_wconf 88' lang='lat' dir='ltr'><strong>nomine</strong></span> <span class='ocrx_word' id='word_1_191' title='bbox 1180 3011 1363 3110; x_wconf 87' lang='lat' dir='ltr'><strong>insigniti,</strong></span> 
     </span>
     <span class='ocr_line' id='line_1_26' title="bbox 152 3105 1363 3213; baseline -0.003 -28"><span class='ocrx_word' id='word_1_192' title='bbox 152 3109 246 3213; x_wconf 92' lang='lat' dir='ltr'><strong>quod</strong></span> <span class='ocrx_word' id='word_1_193' title='bbox 264 3105 535 3201; x_wconf 86' lang='lat' dir='ltr'><strong>Hierosolymis,</strong></span> <span class='ocrx_word' id='word_1_194' title='bbox 550 3109 650 3202; x_wconf 77' lang='lat' dir='ltr'><strong>juxta</strong></span> <span class='ocrx_word' id='word_1_195' title='bbox 670 3112 857 3204; x_wconf 85' lang='lat' dir='ltr'><strong>Templum</strong></span> <span class='ocrx_word' id='word_1_196' title='bbox 877 3114 1045 3198; x_wconf 87' lang='lat' dir='ltr'><strong>Domini,</strong></span> <span class='ocrx_word' id='word_1_197' title='bbox 1072 3112 1108 3183; x_wconf 92' lang='lat' dir='ltr'><strong>in</strong></span> <span class='ocrx_word' id='word_1_198' title='bbox 1135 3110 1264 3207; x_wconf 88' lang='lat' dir='ltr'><strong>palatio</strong></span> <span class='ocrx_word' id='word_1_199' title='bbox 1286 3109 1363 3182; x_wconf 89' lang='lat' dir='ltr'><strong>Re·</strong></span> 
     </span>
    </p>

    <p class='ocr_par' dir='ltr' id='par_1_5' title="bbox 149 3201 1363 3684">
     <span class='ocr_line' id='line_1_27' title="bbox 182 3201 1363 3300; baseline -0.002 -20"><span class='ocrx_word' id='word_1_200' title='bbox 182 3210 240 3295; x_wconf 80' lang='lat' dir='ltr'><strong>io,</strong></span> <span class='ocrx_word' id='word_1_201' title='bbox 275 3202 425 3300; x_wconf 76' lang='lat' dir='ltr'><strong>primam</strong></span> <span class='ocrx_word' id='word_1_202' title='bbox 449 3201 636 3278; x_wconf 81' lang='lat' dir='ltr'><strong>habuerint</strong></span> <span class='ocrx_word' id='word_1_203' title='bbox 669 3207 908 3295; x_wconf 82' lang='lat' dir='ltr'><strong>mansionem,</strong></span> <span class='ocrx_word' id='word_1_204' title='bbox 950 3228 986 3277; x_wconf 92' lang='lat' dir='ltr'><strong>ut</strong></span> <span class='ocrx_word' id='word_1_205' title='bbox 1018 3209 1120 3280; x_wconf 83' lang='lat' dir='ltr'><strong>trudit</strong></span> <span class='ocrx_word' id='word_1_206' title='bbox 1164 3205 1363 3279; x_wconf 82' lang='lat' dir='ltr'><strong>Gulielmus</strong></span> 
     </span>
     <span class='ocr_line' id='line_1_28' title="bbox 149 3233 1360 3399; baseline 0.001 -28"><span class='ocrx_word' id='word_1_207' title='bbox 149 3233 306 3399; x_wconf 43' lang='lat' dir='ltr'><strong>‘Tyrium</strong></span> <span class='ocrx_word' id='word_1_208' title='bbox 340 3318 376 3370; x_wconf 91' lang='lat' dir='ltr'><strong>et</strong></span> <span class='ocrx_word' id='word_1_209' title='bbox 400 3299 548 3392; x_wconf 82' lang='lat' dir='ltr'><strong>Jacobus</strong></span> <span class='ocrx_word' id='word_1_210' title='bbox 572 3303 615 3373; x_wconf 93' lang='lat' dir='ltr'><strong>de</strong></span> <span class='ocrx_word' id='word_1_211' title='bbox 643 3302 827 3374; x_wconf 84' lang='lat' dir='ltr'><strong>Vitriaeo:</strong></span> <span class='ocrx_word' id='word_1_212' title='bbox 860 3328 878 3375; x_wconf 84' lang='lat' dir='ltr'>a</span> <span class='ocrx_word' id='word_1_213' title='bbox 914 3327 982 3397; x_wconf 85' lang='lat' dir='ltr'><strong>quo</strong></span> <span class='ocrx_word' id='word_1_214' title='bbox 1017 3305 1170 3396; x_wconf 88' lang='lat' dir='ltr'><strong>Templo</strong></span> <span class='ocrx_word' id='word_1_215' title='bbox 1202 3320 1238 3373; x_wconf 91' lang='lat' dir='ltr'><strong>et</strong></span> <span class='ocrx_word' id='word_1_216' title='bbox 1272 3299 1360 3374; x_wconf 81' lang='lat' dir='ltr'><strong>aliae</strong></span> 
     </span>
     <span class='ocr_line' id='line_1_29' title="bbox 154 3393 1358 3492; baseline 0.002 -21"><span class='ocrx_word' id='word_1_217' title='bbox 154 3421 275 3476; x_wconf 85' lang='lat' dir='ltr'><strong>eorum</strong></span> <span class='ocrx_word' id='word_1_218' title='bbox 300 3395 402 3467; x_wconf 85' lang='lat' dir='ltr'><strong>aedes</strong></span> <span class='ocrx_word' id='word_1_219' title='bbox 423 3394 459 3466; x_wconf 92' lang='lat' dir='ltr'><strong>in</strong></span> <span class='ocrx_word' id='word_1_220' title='bbox 486 3394 593 3469; x_wconf 85' lang='lat' dir='ltr'><strong>Gallia</strong></span> <span class='ocrx_word' id='word_1_221' title='bbox 617 3414 653 3467; x_wconf 89' lang='lat' dir='ltr'><strong>et</strong></span> <span class='ocrx_word' id='word_1_222' title='bbox 674 3398 799 3492; x_wconf 75' lang='lat' dir='ltr'><strong>Anglii</strong></span> <span class='ocrx_word' id='word_1_223' title='bbox 818 3421 944 3472; x_wconf 91' lang='lat' dir='ltr'><strong>nomen</strong></span> <span class='ocrx_word' id='word_1_224' title='bbox 965 3401 1108 3492; x_wconf 86' lang='lat' dir='ltr'><strong>Templi</strong></span> <span class='ocrx_word' id='word_1_225' title='bbox 1127 3393 1358 3473; x_wconf 74' lang='lat' dir='ltr'><strong>inlaesum.</strong></span> 
     </span>
     <span class='ocr_line' id='line_1_30' title="bbox 156 3490 1362 3587; baseline -0.004 -20"><span class='ocrx_word' id='word_1_226' title='bbox 156 3494 342 3587; x_wconf 87' lang='lat' dir='ltr'><strong>Templum</strong></span> <span class='ocrx_word' id='word_1_227' title='bbox 373 3511 488 3565; x_wconf 84' lang='lat' dir='ltr'><strong>autem</strong></span> <span class='ocrx_word' id='word_1_228' title='bbox 519 3490 621 3579; x_wconf 86' lang='lat' dir='ltr'><strong>illud,</strong></span> <span class='ocrx_word' id='word_1_229' title='bbox 654 3495 696 3567; x_wconf 87' lang='lat' dir='ltr'><strong>ab</strong></span> <span class='ocrx_word' id='word_1_230' title='bbox 721 3496 874 3585; x_wconf 79' lang='lat' dir='ltr'><strong>omaro,</strong></span> <span class='ocrx_word' id='word_1_231' title='bbox 908 3496 1012 3568; x_wconf 87' lang='lat' dir='ltr'><strong>tertio</strong></span> <span class='ocrx_word' id='word_1_232' title='bbox 1037 3518 1057 3568; x_wconf 87' lang='lat' dir='ltr'>a</span> <span class='ocrx_word' id='word_1_233' title='bbox 1086 3490 1362 3582; x_wconf 70' lang='lat' dir='ltr'><strong>Multammede,</strong></span> 
     </span>
     <span class='ocr_line' id='line_1_31' title="bbox 154 3584 1359 3684; baseline -0.004 -17"><span class='ocrx_word' id='word_1_234' title='bbox 154 3594 205 3671; x_wconf 91' lang='lat' dir='ltr'><strong>ibi</strong></span> <span class='ocrx_word' id='word_1_235' title='bbox 228 3593 293 3662; x_wconf 82' lang='lat' dir='ltr'><strong>lec.</strong></span> <span class='ocrx_word' id='word_1_236' title='bbox 320 3588 405 3658; x_wconf 89' lang='lat' dir='ltr'><strong>Vll.</strong></span> <span class='ocrx_word' id='word_1_237' title='bbox 429 3585 464 3659; x_wconf 90' lang='lat' dir='ltr'><strong>in</strong></span> <span class='ocrx_word' id='word_1_238' title='bbox 488 3584 581 3659; x_wconf 88' lang='lat' dir='ltr'><strong>ulum</strong></span> <span class='ocrx_word' id='word_1_239' title='bbox 607 3591 855 3665; x_wconf 84' lang='lat' dir='ltr'><strong>Saracenorum</strong></span> <span class='ocrx_word' id='word_1_240' title='bbox 880 3592 1081 3676; x_wconf 85' lang='lat' dir='ltr'><strong>conditum,</strong></span> <span class='ocrx_word' id='word_1_241' title='bbox 1118 3611 1154 3663; x_wconf 90' lang='lat' dir='ltr'><strong>ut</strong></span> <span class='ocrx_word' id='word_1_242' title='bbox 1184 3587 1359 3684; x_wconf 86' lang='lat' dir='ltr'><strong>Eutychi·</strong></span> 
     </span>
    </p>

    <p class='ocr_par' dir='ltr' id='par_1_6' title="bbox 105 3680 1363 4166">
     <span class='ocr_line' id='line_1_32' title="bbox 105 3680 1360 3781; baseline -0.001 -22"><span class='ocrx_word' id='word_1_243' title='bbox 105 3710 108 3714; x_wconf 64' lang='grc'>“</span> <span class='ocrx_word' id='word_1_244' title='bbox 156 3714 195 3764; x_wconf 89' lang='lat' dir='ltr'><strong>os</strong></span> <span class='ocrx_word' id='word_1_245' title='bbox 219 3686 256 3759; x_wconf 91' lang='lat' dir='ltr'><strong>in</strong></span> <span class='ocrx_word' id='word_1_246' title='bbox 277 3680 400 3754; x_wconf 82' lang='lat' dir='ltr'><strong>Annal.</strong></span> <span class='ocrx_word' id='word_1_247' title='bbox 424 3681 550 3768; x_wconf 81' lang='lat' dir='ltr'><strong>refert,</strong></span> <span class='ocrx_word' id='word_1_248' title='bbox 582 3703 618 3755; x_wconf 90' lang='lat' dir='ltr'><strong>et</strong></span> <span class='ocrx_word' id='word_1_249' title='bbox 643 3684 835 3759; x_wconf 87' lang='lat' dir='ltr'><strong>Gulielmus</strong></span> <span class='ocrx_word' id='word_1_250' title='bbox 868 3685 1017 3780; x_wconf 88' lang='lat' dir='ltr'><strong>Tyrius,</strong></span> <span class='ocrx_word' id='word_1_251' title='bbox 1059 3685 1304 3781; x_wconf 81' lang='lat' dir='ltr'><strong>Hierosolyma</strong></span> <span class='ocrx_word' id='word_1_252' title='bbox 1334 3703 1360 3758; x_wconf 76' lang='lat' dir='ltr'>a</span> 
     </span>
     <span class='ocr_line' id='line_1_33' title="bbox 156 3776 1361 3872; baseline -0.005 -15"><span class='ocrx_word' id='word_1_253' title='bbox 156 3780 289 3862; x_wconf 87' lang='lat' dir='ltr'><strong>Latinis</strong></span> <span class='ocrx_word' id='word_1_254' title='bbox 311 3793 501 3868; x_wconf 83' lang='lat' dir='ltr'><strong>occupata,</strong></span> <span class='ocrx_word' id='word_1_255' title='bbox 533 3776 804 3853; x_wconf 85' lang='lat' dir='ltr'><strong>Christianorum</strong></span> <span class='ocrx_word' id='word_1_256' title='bbox 823 3781 926 3854; x_wconf 83' lang='lat' dir='ltr'><strong>sacris</strong></span> <span class='ocrx_word' id='word_1_257' title='bbox 949 3781 1014 3856; x_wconf 87' lang='lat' dir='ltr'><strong>fuit</strong></span> <span class='ocrx_word' id='word_1_258' title='bbox 1034 3785 1209 3872; x_wconf 84' lang='lat' dir='ltr'><strong>dicatum,</strong></span> <span class='ocrx_word' id='word_1_259' title='bbox 1224 3803 1262 3855; x_wconf 85' lang='lat' dir='ltr'><strong>et</strong></span> <span class='ocrx_word' id='word_1_260' title='bbox 1292 3782 1361 3851; x_wconf 66' lang='lat' dir='ltr'><strong>noi</strong></span> 
     </span>
     <span class='ocr_line' id='line_1_34' title="bbox 156 3871 1363 3968; baseline 0.002 -23"><span class='ocrx_word' id='word_1_261' title='bbox 156 3906 238 3961; x_wconf 71' lang='lat' dir='ltr'><strong>men</strong></span> <span class='ocrx_word' id='word_1_262' title='bbox 263 3872 386 3966; x_wconf 81' lang='lat' dir='ltr'><strong>Templi</strong></span> <span class='ocrx_word' id='word_1_263' title='bbox 416 3871 549 3944; x_wconf 73' lang='lat' dir='ltr'><strong>Doinim&#39;</strong></span> <span class='ocrx_word' id='word_1_264' title='bbox 580 3875 729 3968; x_wconf 81' lang='lat' dir='ltr'><strong>accepit.</strong></span> <span class='ocrx_word' id='word_1_265' title='bbox 781 3877 845 3948; x_wconf 89' lang='lat' dir='ltr'><strong>Cui</strong></span> <span class='ocrx_word' id='word_1_266' title='bbox 884 3877 997 3953; x_wconf 87' lang='lat' dir='ltr'><strong>vicina</strong></span> <span class='ocrx_word' id='word_1_267' title='bbox 1026 3900 1099 3953; x_wconf 84' lang='lat' dir='ltr'><strong>erat</strong></span> <span class='ocrx_word' id='word_1_268' title='bbox 1128 3882 1250 3951; x_wconf 86' lang='lat' dir='ltr'><strong>domus</strong></span> <span class='ocrx_word' id='word_1_269' title='bbox 1285 3877 1363 3948; x_wconf 88' lang='lat' dir='ltr'><strong>Re·</strong></span> 
     </span>
     <span class='ocr_line' id='line_1_35' title="bbox 158 3967 1361 4080; baseline -0.002 -35"><span class='ocrx_word' id='word_1_270' title='bbox 158 3983 233 4080; x_wconf 79' lang='lat' dir='ltr'><strong>gia,</strong></span> <span class='ocrx_word' id='word_1_271' title='bbox 266 3967 454 4062; x_wconf 88' lang='lat' dir='ltr'><strong>Templum</strong></span> <span class='ocrx_word' id='word_1_272' title='bbox 478 3968 675 4042; x_wconf 82' lang='lat' dir='ltr'><strong>Salomonis</strong></span> <span class='ocrx_word' id='word_1_273' title='bbox 699 3970 889 4064; x_wconf 74' lang='lat' dir='ltr'><strong>adpellata,</strong></span> <span class='ocrx_word' id='word_1_274' title='bbox 923 3977 1019 4070; x_wconf 88' lang='lat' dir='ltr'><strong>cujus</strong></span> <span class='ocrx_word' id='word_1_275' title='bbox 1044 4001 1120 4068; x_wconf 85' lang='lat' dir='ltr'><strong>pars</strong></span> <span class='ocrx_word' id='word_1_276' title='bbox 1146 3972 1361 4072; x_wconf 78' lang='lat' dir='ltr'><strong>Templariis</strong></span> 
     </span>
     <span class='ocr_line' id='line_1_36' title="bbox 156 4065 1361 4166; baseline -0.008 -13"><span class='ocrx_word' id='word_1_277' title='bbox 156 4077 206 4153; x_wconf 92' lang='lat' dir='ltr'><strong>est</strong></span> <span class='ocrx_word' id='word_1_278' title='bbox 223 4065 400 4156; x_wconf 79' lang='lat' dir='ltr'><strong>concelia,</strong></span> <span class='ocrx_word' id='word_1_279' title='bbox 424 4080 461 4138; x_wconf 89' lang='lat' dir='ltr'><strong>et</strong></span> <span class='ocrx_word' id='word_1_280' title='bbox 485 4065 983 4166; x_wconf 84' lang='lat' dir='ltr'><strong>nomenTemplariorutniis</strong></span> <span class='ocrx_word' id='word_1_281' title='bbox 1004 4072 1115 4162; x_wconf 82' lang='lat' dir='ltr'><strong>dedit.</strong></span> <span class='ocrx_word' id='word_1_282' title='bbox 1166 4071 1273 4146; x_wconf 88' lang='lat' dir='ltr'><strong>Primi</strong></span> <span class='ocrx_word' id='word_1_283' title='bbox 1298 4089 1361 4148; x_wconf 69' lang='lat' dir='ltr'><strong>su*</strong></span> 
     </span>
    </p>

    <p class='ocr_par' dir='ltr' id='par_1_7' title="bbox 702 4187 1367 4248">
     <span class='ocr_line' id='line_1_37' title="bbox 702 4187 1367 4248; baseline 0.008 -5"><span class='ocrx_word' id='word_1_284' title='bbox 702 4220 708 4227; x_wconf 90' lang='lat'><strong>·</strong></span> <span class='ocrx_word' id='word_1_285' title='bbox 763 4212 775 4227; x_wconf 93' lang='lat'><strong>··</strong></span> <span class='ocrx_word' id='word_1_286' title='bbox 1270 4187 1367 4248; x_wconf 74' lang='lat' dir='ltr'><strong>tores</strong></span> 
     </span>
    </p>
   </div>
   <div class='ocr_carea' id='block_1_4' title="bbox 0 0 1531 4806">
    <p class='ocr_par' dir='ltr' id='par_1_8' title="bbox 0 0 1531 4806">
     <span class='ocr_line' id='line_1_38' title="bbox 0 0 1531 4806; baseline 0 0"><span class='ocrx_word' id='word_1_287' title='bbox 0 0 1531 4806; x_wconf 95' lang='lat' dir='ltr'><strong> </strong></span> 
     </span>
    </p>
   </div>
  </div>
 </body>
</html>
