2976 4830
535 604 644 699 Sectis.
668 604 758 686 ΧΠ.
1215 633 1264 708 39
1352 716 1354 721 ,

48 787 110 866 esse
132 786 334 864 uoluntatem
356 783 488 878 Patris,
511 784 581 860 sese
605 805 752 861 externe
783 784 1083 881 manifestantem,
1117 807 1153 866 et
1179 791 1259 884 Spi-

47 887 147 961 ritum
170 889 205 965 S.
241 883 312 961 effe
353 887 524 972 uirtutem,
563 901 622 978 per
657 907 750 977 quum
777 909 858 980 quur
889 887 965 958 uelit
993 903 1099 981 quent.
1149 889 1262 960 Addit

48 1005 151 1067 mox,
176 982 396 1056 Trinitatem
419 983 566 1054 vocative
584 987 712 1073 purius,
737 1005 830 1075 quam
838 980 1125 1076 substantialiter,
1150 989 1184 1056 lu
1201 985 1259 1058 luc

49 1107 69 1157 u
92 1081 185 1152 uobis
200 1071 313 1176 filule
336 1077 500 1164 unitari,
526 1080 560 1149 iu
579 1098 638 1169 quo
661 1076 832 1171 neceffmiu
855 1081 900 1149 ud
916 1080 1055 1173 nostrum
1079 1082 1260 1174 intelligen-

40 1183 132 1272 tium
153 1175 191 1247 dt
216 1174 360 1270 personis
389 1170 625 1269 instruendum,
653 1193 712 1270 prr
737 1189 894 1246 urumeulu
924 1173 1149 1273 resultabat,
1182 1180 1261 1271 quio

49 1277 147 1371 ulatur
174 1293 235 1343 uuu
255 1267 439 1368 puffrrmus,
464 1291 574 1358 rurum
598 1271 755 1343 uocabula
780 1270 1005 1366 conjugamus.

59 1450 63 1458 ¹
95 1367 129 1466 5
152 1366 310 1442 XXXV.
345 1387 380 1459 3.
406 1362 614 1439 Doilrinam
638 1365 683 1440 de
707 1360 936 1440 satisfactione
960 1365 1112 1458 Christi,
1136 1384 1171 1439 et
1192 1364 1264 1463 jus·

54 1463 252 1543 lineatione
275 1459 433 1534 hominia
456 1480 519 1556 per
535 1459 662 1552 fidem,
695 1479 885 1535 tenuerunt
911 1462 1072 1558 quidem,
1107 1463 1164 1536 sed
1188 1486 1263 1535 me·

53 1563 141 1651 diis,
172 1555 387 1646 neritinus,
426 1553 629 1653 quibuscum
660 1554 889 1630 remisiionem
926 1580 1150 1653 peccatorum
1182 1579 1268 1631 con·
1327 1644 1331 1649 ,

52 1661 264 1758 junxerunt,
288 1669 325 1724 et
352 1650 679 1741 vitamaeternarn,
703 1674 743 1725 uc
764 1675 909 1748 operum
938 1655 1093 1743 meritis,
1119 1656 1266 1727 multum

55 1752 265 1831 tribuerunt.
295 1744 478 1821 Honorius
493 1747 600 1838 modo
617 1745 764 1839 citatus,
790 1748 831 1820 ad
848 1750 898 1823 Ps.
917 1750 1009 1839 Vl.,
1034 1770 1180 1847 peccata
1203 1749 1269 1823 sla·

57 1852 122 1925 tuit
151 1845 288 1940 septem
319 1843 435 1916 modia
472 1841 627 1932 remitti,
666 1866 730 1940 per
772 1844 1000 1939 baptismum,
1040 1848 1268 1942 martyrium,

57 1941 178 2022 mnndi
200 1933 567 2027 abrenunciationem,
597 1936 653 2011 vel
679 1939 955 2037 eleemosynam,
982 1941 1119 2015 veniam
1141 1948 1177 2015 in
1204 1963 1270 2016 noa

59 2034 300 2139 peccantibus,
318 2031 557 2131 poenitentiae
575 2032 845 2122 consesiionem,
863 2038 1091 2134 lacrymarum
1111 2037 1269 2125 sontem,

58 2158 91 2215 et
115 2129 338 2209 charitatem.
390 2128 584 2203 Richardut
617 2150 722 2217 uero,
758 2130 801 2200 de
826 2129 989 2226 potestate
1010 2134 1135 2226 ligandi
1153 2153 1185 2204 et
1200 2133 1272 2227 sol·

59 2231 175 2321 uendi,
210 2245 283 2300 tren
306 2245 476 2300 memorat
499 2221 645 2313 modos,
675 2225 799 2319 quibus
822 2245 1049 2320 peccatorum
1080 2229 1120 2301 fit
1148 2250 1272 2324 purga·

63 2320 136 2419 rio,
159 2321 424 2421 purgatorium,
442 2320 670 2394 voluntariam
686 2319 979 2412 satisfatiionem,
996 2340 1034 2396 et
1051 2322 1272 2419 baptismum.

62 2426 181 2502 Petrus
204 2414 435 2494 cluniacensia
457 2418 480 2492 l.
504 2417 533 2489 Ι.
559 2438 616 2511 ep.
643 2437 678 2488 n.
703 2416 812 2489 vitam
836 2416 920 2489 dicit
942 2437 1121 2496 aeternum
1136 2417 1274 2518 acquiri

62 2521 197 2619 propriis
231 2519 404 2611 oporibus,
441 2514 651 2607 praecedente
684 2528 718 2586 er
748 2514 923 2586 comitante
957 2520 1082 2610 gratia.
1151 2516 1275 2615 Qualia

64 2620 195 2712 ubique
219 2628 402 2686 recurrunt
426 2610 517 2704 apud
543 2603 735 2700 scriptores
759 2608 861 2703 hujus
887 2608 1003 2684 seculi.
1051 2635 1088 2702 4.
1112 2613 1171 2687 De
1186 2612 1275 2686 libe·

63 2734 102 2786 to
126 2705 278 2783 arbitrio
301 2725 340 2779 et
354 2703 465 2800 gratia
484 2705 569 2776 haec
588 2705 691 2778 habet
722 2703 833 2800 Hogo
857 2704 901 2780 de
927 2707 960 2780 S.
988 2706 1159 2798 Viilore,
1184 2705 1277 2783 libro

65 2807 104 2882 de
130 2801 347 2902 couscientia,
388 2800 536 2874 volentos
560 2799 696 2872 hominis
721 2799 767 2893 est
797 2799 940 2894 potestur
965 2801 1033 2874 Dei
1041 2858 1050 2888 ,
1093 2810 1168 2893 quio
1195 2805 1280 2879 uelle

62 2903 196 2977 luminis
220 2901 255 2970 iu
271 2894 431 2994 potestate
454 2895 511 2989 esi.
559 2894 646 2967 Vid.
672 2914 709 2966 et
734 2897 924 2972 Bernardus
947 2899 992 2970 de
1012 2906 1126 2992 gratia
1150 2914 1181 2970 er
1196 2900 1281 2972 libe·¹

63 3025 92 3073 ru
111 2998 263 3072 arbitrio.
287 2991 444 3066 Honorii
455 3047 468 3082 ,
491 2991 535 3062 de
548 2990 840 3082 praedestinatione
857 3010 888 3064 et
900 2996 996 3065 libero
1013 2999 1168 3080 arbitrio,
1187 2996 1279 3070 haee
1409 3047 1412 3053 α

64 3090 140 3168 sunt
164 3091 294 3165 verba:
326 3089 473 3177 ¹libertus
504 3088 617 3159 lunum
658 3085 712 3160 uus
744 3087 865 3160 mulum
899 3091 1039 3183 eligendi
1067 3092 1113 3188 est
1144 3093 1282 3165 liber-ura

65 3191 258 3274 arbitrium,
287 3181 484 3281 pffbt'lirus
516 3196 624 3253 aurem
649 3178 921 3273 bouumfucioudi
943 3191 988 3260 uui
1011 3189 1078 3259 Dei
1094 3189 1199 3285 sosius
1225 3190 1281 3260 du·

66 3309 138 3360 uum
178 3283 317 3355 adtinet.
376 3281 437 3354 Sic
468 3297 505 3352 et
541 3276 738 3350 Richardno
770 3280 815 3350 de
846 3279 936 3371 [loru
966 3283 1103 3357 luminis
1135 3289 1282 3375 interno,

66 3381 238 3458 arbitrium
259 3378 397 3451 bominis
420 3398 480 3447 nou
508 3374 627 3446 idcirco
652 3375 786 3446 liberum
810 3373 871 3470 effe
885 3378 1044 3466 elicimus,
1076 3384 1153 3474 quia
1174 3398 1283 3472 prom·

70 3475 256 3552 nuntiabat
280 3479 393 3548 bouum
407 3469 548 3567 fucere,
577 3465 641 3566 sed
663 3474 738 3562 quin
763 3472 899 3544 liberum
928 3473 1026 3546 lubet
1049 3479 1128 3548 bour
1149 3475 1284 3570 cousen-

70 3578 130 3648 rire
152 3572 205 3644 urs
228 3592 310 3658 uun,
342 3566 443 3663 puell
466 3563 642 3662 consentire
666 3572 718 3639 uel
738 3589 798 3637 uou
823 3567 1034 3665 adspiratioui
1053 3573 1203 3662 divinoe,
1220 3570 1289 3667 sui

66 3666 148 3767 puffe
160 3663 284 3761 fatere
317 3667 431 3738 bouum
465 3660 511 3758 esi
542 3685 564 3734 o
591 3660 673 3733 Deo.
721 3661 961 3829 Affnoverunt
994 3667 1114 3765 itaque
1137 3669 1284 3762 gratiam

85 3762 362 3855 fraevenientem
396 3778 433 3831 et
463 3758 717 3852 adjuvantem,
773 3758 815 3830 ed
855 3758 1033 3836 adsensum
1067 3763 1287 3862 reliquerunu

69 3788 207 3936 iomini
237 3858 397 3933 liberum.
447 3854 506 3927 De
536 3851 859 3928 Praedestinatione
894 3879 986 3930 vern
1016 3859 1140 3933 eodem
1168 3862 1289 3952 pasirm

70 3955 177 4031 modo
232 3975 306 4128 «1550
333 3969 457 4035 antea,
497 3947 605 4021 locuti
628 3946 716 4024 sunt.
765 3950 851 4026 Vid.
876 3952 1057 4050 Rupertun
1088 3958 1133 4027 de
1161 3955 1290 4029 Diria,

74 4009 223 4129 Offic.’l

289 4048 320 4126 Ι.
352 4041 572 4136 lombardus
604 4043 795 4232 l.15.4dist‚,
813 4052 847 4124 6.
880 4048 1062 4126 Honorius
1085 4048 1320 4225 dialogsstgg*
