3022 4806
129 622 203 713 452
526 600 675 704 inflatia
697 600 826 702 Eccits.
848 600 968 703 (inst.

136 794 202 872 rio
232 782 311 887 post
340 780 593 860 celebrandam.
643 780 829 858 Sententia
858 806 948 858 vero
979 783 1220 886 depolitionir
1255 790 1360 887 rape

139 912 238 1062 lul-l
281 882 377 1051 ‘llil
415 876 956 1069 ⁰ll⁶lt²ltl22⁶llnbll⁹
973 888 1165 1058 abab?
1187 890 1361 1060 elib

141 1004 323 1175 galleffqaue
353 1030 555 1145 cr’iminibua
585 1067 659 1142 aliis
681 1026 846 1161 idfantea,
879 1031 1039 1171 adeoque
1060 1060 1203 1178 Papam
1225 1034 1360 1179 praesti

145 1174 220 1253 indi
246 1196 318 1247 noa.
1125 1224 1132 1235 -

184 1200 505 1369 §.gcCCCXVHl
538 1261 694 1351 Interea,
735 1282 816 1337 curn
840 1263 999 1361 Synodua
1028 1267 1156 1345 Pisana
1189 1270 1236 1346 ad
1257 1271 1361 1347 linem

147 1379 333 1461 vergeret,
365 1354 631 1430 conciliabulum
657 1358 795 1452 aliquod
817 1363 1052 1457 congregavit
1075 1366 1274 1465 Gregorius
1296 1368 1361 1442 Aa·

142 1465 246 1563 leriae
263 1459 298 1530 in
322 1448 506 1548 provincia
522 1452 735 1549 Aquileienfi
762 1475 791 1527 a
818 1476 946 1546 1409„
971 1460 1164 1556 adpeliavit
1192 1463 1360 1538 Oecumc·

149 1556 269 1633 nicum
294 1546 506 1636 concilium,
556 1551 611 1621 uia
635 1569 656 1620 a
681 1549 771 1643 Papa
791 1570 867 1623 erat
888 1551 1083 1647 indicium,
1109 1577 1152 1630 er
1182 1580 1305 1635 omnen
1320 1558 1361 1633 ad

147 1652 185 1727 id
213 1648 385 1724 invitatae
418 1572 590 1717 Eccleliae
620 1658 732 1751 erant.
783 1646 823 1718 ln
844 1668 914 1743 quo
929 1647 1153 1756 decefforum
1177 1655 1362 1731 eledlioner

147 1746 229 1823 snut
257 1738 466 1825 canonicae,
492 1760 533 1813 ac
559 1740 755 1849 legitimae,
780 1740 958 1816 benedicit
993 1766 1084 1820 vero
1106 1767 1149 1821 et
1178 1747 1361 1827 Alexandri

148 1842 279 1928 nullae,
312 1835 533 1922 temerariae,
558 1832 726 1927 injustae,
751 1854 789 1908 et
812 1836 995 1939 sacrilegae
1016 1838 1245 1939 declaratae,
1269 1846 1360 1923 erin

151 1936 368 2020 cardinales,
403 1928 462 2025 qui
486 1929 527 2000 ab
550 1930 626 2024 ipso
649 1926 870 2018 defecerant,
896 1934 964 2007 lata
987 1935 1040 2010 est
1065 1938 1361 2019 exaudinmtionia

153 2028 336 2110 sententia.
361 2024 446 2102 Vid.
471 2023 677 2123 Raynaldur.
729 2024 813 2124 Quo
847 2028 1005 2103 facinore
1029 2031 1121 2107 nihil
1151 2037 1250 2111 aliud
1280 2036 1362 2113 effe·

152 2131 224 2219 cit,
249 2148 350 2225 quam
382 2122 475 2220 quod
499 2121 533 2194 se
560 2120 641 2194 risui
663 2122 874 2288 'expolierir
904 2126 1017 2220 Papa,
1036 2148 1087 2235 ,ac
1108 2130 1361 2246 persecutioni3

152 2224 243 2301 adeo
268 2240 305 2295 nt
329 2217 399 2291 sese
423 2220 506 2290 clam
530 2218 689 2291 debuerit
728 2221 917 2307 obducere,
941 2240 1010 2293 nec
1032 2244 1071 2297 ru
1095 2228 1154 2302 sua
1179 2244 1361 2305 mannent

153 2315 372 2400 obedientia,
405 2331 538 2404 praeter
572 2333 681 2406 pauca
714 2315 835 2388 ltaliae
862 2334 898 2388 et
923 2314 1139 2394 Germaniae
1168 2324 1258 2402 loca
1300 2325 1371 2397 ne·

151 2410 293 2489 nediiio
324 2425 439 2479 autem
475 2406 660 2499 Hispania,
686 2405 825 2497 Scotia,
853 2432 892 2484 et
922 2433 1052 2506 paucae
1083 2417 1179 2492 aliae
1210 2419 1359 2520 regione

153 2507 339 2605 parebant,
380 2500 532 2595 reliquae
565 2499 752 2574 Christiani
786 2506 880 2579 orbis
913 2528 1027 2602 partes
1063 2533 1290 2608 agnoverunt
1316 2513 1358 2591 A·

153 2600 341 2676 brandeum
368 2594 439 2678 V.,
473 2613 575 2667 antea
609 2597 750 2670 Petrum
775 2601 991 2695 Philargum,
1019 2608 1125 2703 vulgo
1149 2611 1200 2684 de
1224 2610 1358 2698 Candia,

156 2695 291 2795 oppido
321 2688 492 2783 Papiensrs
525 2690 713 2780 territorii,
749 2713 788 2766 ut
810 2698 990 2788 probabile
1013 2699 1084 2774 est:
1111 2707 1253 2783 variant
1274 2707 1357 2783 enirn

157 2813 306 2872 autores.
359 2787 437 2861 Fuit
461 2804 575 2859 autem
605 2787 796 2879 Minorita,
827 2791 1017 2866 Parisrensrs
1043 2798 1208 2895 Doctae,
1234 2822 1270 2880 et
1289 2800 1356 2876 dein

158 2884 451 2983 Archiepiscopna
475 2883 766 2972 Mediolanensrr,
800 2908 841 2961 ac
874 2888 1083 2965 cardinalia:
1120 2896 1182 2969 vir
1207 2901 1357 2993 probrare

158 2984 302 3060 virturis
334 3000 372 3052 et
403 2978 619 3067 devotionis,
660 2980 809 3055 liberalis
840 3002 1016 3079 praeterea
1051 2990 1094 3059 ad
1130 2993 1360 3088 profusionem

159 3083 285 3175 alque:
317 3076 367 3148 ita
402 3093 439 3144 ut
471 3073 589 3149 dicere
619 3074 762 3163 soleret,
795 3079 830 3149 se
862 3082 993 3154 divitem
1021 3080 1084 3171 fai
1111 3112 1133 3158 e
1159 3089 1362 3188 Episcopum,

158 3194 331 3274 pauperem
367 3169 589 3258 cardinalem,
621 3187 653 3241 er
688 3176 865 3249 mendicam
888 3176 1085 3272 Pontificem.
1135 3183 1212 3258 an
1235 3206 1365 3275 antem,

20 3315 30 3332 .
163 3270 224 3366 qui
260 3288 322 3364 per
358 3263 454 3337 nefas
480 3266 706 3340 corradebant
733 3290 872 3356 aurum,
906 3270 1090 3364 adpellavit
1115 3296 1285 3374 raptores,
1313 3280 1366 3381 qni

162 3364 299 3441 nemini
336 3361 464 3434 dabant
506 3359 695 3454 lucifugas,
736 3363 794 3458 qui
827 3363 982 3460 indignis
1022 3371 1237 3462 lapidatores.
1284 3379 1367 3454 Ana·

164 3456 314 3534 themati
336 3458 481 3552 subjecit
496 3455 710 3548 Ladissaura,
735 3461 871 3555 Regem
888 3464 1188 3560 Neapolitanum,
1268 3475 1367 3550 illo

164 3577 256 3633 marn
289 3552 473 3645 tyrannice
505 3554 664 3643 tenebat,
706 3573 744 3627 et
775 3558 960 3634 Ludovico
991 3561 1213 3658 Andeganen
1274 3570 1367 3647 facil.

166 3649 331 3742 Denique
352 3647 389 3717 in
414 3646 594 3739 religiosos
621 3649 877 3741 mendicantes,
901 3655 1294 3755 edita·cnnstitntioae,
1316 3664 1364 3740 d

167 3748 238 3824 mia
260 3741 411 3816 contulit
439 3741 643 3837 privilegia,
669 3746 791 3842 quibus
815 3749 866 3820 uti
890 3753 1074 3826 noluerunt
1096 3756 1369 3851 Maedicam,

168 3843 376 3920 reclamante
400 3837 506 3907 etiam
530 3836 723 3913 Academia
747 3841 943 3935 Parisrenli,
970 3851 1030 3921 fed
1051 3851 1180 3952 quibus
1203 3857 1369 3957 lirpcrbie·

168 3957 250 4012 runr
282 3933 463 4016 Minores,
498 3951 566 4004 nec
590 3932 634 4008 iis
665 3937 869 4015 renunciare
897 3944 1101 4036 voluerunt,
1125 3972 1319 4048 propterea
1337 3974 1373 4032 a·

164 4033 264 4116 dieo
285 4025 388 4130 regio
409 4024 558 4124 repteffi.
1342 4128 1345 4133 Ι

28 4167 32 4173 ·
1106 4136 1139 4236 b.
1163 4142 1377 4224 ccccm
