3022 4806
540 702 581 737 ,Ι
637 614 881 699 tecuam
1154 716 1157 721 Α
1284 639 1361 713 202·

139 801 294 898 najareni
317 798 463 894 mnino,
495 801 533 875 de
554 804 699 877 omnibus
716 801 891 900 judicare,
909 794 975 894 sed
996 820 1019 872 e
1044 800 1168 875 nemine
1186 802 1349 897 judicari.

137 882 267 972 Probat
290 898 396 987 dein,
428 897 487 972 led
518 920 620 973 more
654 898 792 992 Papali,
824 899 1049 970 autoritatem
1081 896 1243 992 Papalem
1279 899 1349 976 effe
1420 908 1425 914 '

136 989 311 1085 priorem,
337 991 557 1089 digniorem,
589 1010 625 1069 et
640 991 851 1068 diffusiorem
877 992 1067 1085 inperiali,
1098 995 1192 1065 inter
1214 993 1278 1067 alia
1305 1016 1351 1074 ex

137 1101 214 1178 eo,
234 1090 326 1188 quod
342 1087 392 1162 sol
409 1086 450 1162 lit
467 1091 600 1186 Papae,
626 1109 664 1162 et
679 1091 779 1163 Luna
795 1086 1025 1183 lnperatoria,
1051 1087 1233 1162 emblema.
1260 1090 1349 1168 Vid.

137 1173 258 1282 Epist.
285 1207 371 1277 401.
395 1185 456 1260 lib.
480 1187 533 1277 1.,
564 1204 604 1258 et
629 1185 740 1260 Extra
763 1183 808 1257 de
841 1181 1039 1277 majoritate
1069 1203 1108 1256 et
1142 1183 1348 1265 obedientia

136 1294 179 1351 c.
204 1303 236 1372 4.
285 1278 367 1353 Alia
390 1278 480 1355 haud
512 1281 628 1355 minua
657 1281 781 1376 inepta
809 1278 996 1354 ratiocinia
1043 1278 1155 1352 rofert
1178 1278 1217 1352 in
1239 1284 1350 1376 prima

138 1377 317 1450 eallediane
334 1375 575 1449 Decretalium
594 1373 820 1461 Innocentii,
850 1374 908 1447 tit.
933 1375 979 1448 11.
1013 1303 1120 1472 ipist.
1144 1375 1350 1452 innocentii

141 1468 277 1548 Baluz'ii·
298 1491 384 1545 torn.
409 1472 437 1544 l.
489 1471 672 1567 Denique,
697 1493 742 1544 ne
759 1471 857 1565 plura
876 1489 1086 1566 congeram,
1109 1469 1146 1542 in
1172 1469 1274 1566 epist.
1306 1472 1350 1549 ad

144 1564 361 1661 Iohannem,
401 1568 551 1663 Angliae
583 1569 722 1663 Regem
741 1620 773 1655 ,‚
793 1563 831 1637 in
860 1563 1052 1661 Spicilegiu
1092 1565 1349 1661 Dacheriauo,

148 1665 269 1756 jadlat,
295 1685 315 1735 a
341 1660 478 1735 Christo
501 1663 570 1736 elle
595 1687 694 1736 unum
716 1663 859 1734 amnibus
887 1660 1108 1755 praefectum,
1141 1683 1233 1754 quem
1247 1662 1350 1760 suune

154 1760 306 1833 interris
331 1761 488 1832 uicarium
512 1759 690 1849 ordinauit,
724 1772 779 1846 ut,
806 1752 898 1849 ficut
920 1759 951 1828 ei
965 1751 1115 1852 sallitat
1147 1779 1235 1832 amne
1260 1785 1350 1855 genu

150 1855 340 1952 caelestium,
370 1853 591 1950 terrestrium,
616 1870 647 1927 et
676 1851 869 1947 instratum,
893 1856 944 1925 ita
966 1855 1019 1926 illi
1043 1877 1149 1927 amnes
1172 1854 1348 1949 obediant,

153 1967 181 2019 n
201 1951 369 2025 intendant
396 1969 465 2024 etc.
514 1949 590 2025 Hic
615 1945 690 2045 ipse
713 1967 784 2022 tam
815 1949 980 2043 superbus
1012 1950 1101 2046 Papa
1131 1946 1196 2023 libi
1231 1969 1351 2028 tamen

154 2046 341 2123 adtribuere
365 2065 435 2116 non
461 2043 526 2116 luit
549 2043 645 2117 ausua
669 2061 727 2118 aut
742 2042 1049 2134 infallibilitatem,
1074 2062 1133 2119 aut
1149 2045 1249 2139 supra
1264 2064 1353 2121 con.

157 2139 223 2216 tilia
244 2139 425 2239 generalia
449 2140 692 2228 autoritatem,
717 2138 754 2211 in
779 2142 882 2210 rebua
913 2137 1021 2225 fidei3
1056 2157 1095 2210 ut
1135 2137 1351 2219 demonstrat

160 2234 320 2313 launoius
352 2257 389 2330 p.
415 2235 463 2308 V.
490 2233 590 2331 epist.
644 2257 678 2310 2.
702 2232 762 2305 De
790 2230 1082 2328 persecutionibus,
1113 2232 1199 2308 fidei
1229 2235 1350 2328 causa,

132 2333 291 2409 tribunal
329 2328 585 2440 inquisitionia,
623 2331 667 2439 ab
700 2327 777 2425 ipso
806 2326 991 2419 eredium,
1032 2346 1070 2400 et
1107 2326 1350 2425 Albigenstum
1468 2388 1471 2392 -

164 2420 976 2629 ‘'iniiiiiti5QSissa’usiissattiiiiaiiinipgee
990 2421 1257 2616 iiieffiiss'ae
1275 2524 1344 2603 atr·

161 2612 294 2693 sentiunt
326 2635 474 2692 autorea.
523 2615 724 2712 Rugordua,
762 2633 865 2688 autor
896 2614 1038 2711 quadem
1071 2636 1244 2707 coaevus,
1285 2622 1344 2701 sed

161 2710 314 2812 Philippi,
343 2709 475 2786 Galliae
488 2713 622 2809 Regia,
649 2708 967 2808 chronographus,
994 2708 1055 2805 qui
1091 2713 1228 2785 annales
1261 2716 1348 2793 Phi.

162 2802 226 2904 lippi
251 2806 434 2895 condidit,
465 2829 544 2880 eum
569 2824 750 2901 nuncupat
780 2805 895 2878 virum
919 2807 1003 2877 clari
1032 2809 1175 2898 ingenii,
1208 2831 1349 2903 magnae

161 2908 336 2995 puniatis,
361 2919 393 2977 n
407 2901 615 2999 sapientiae,
637 2908 691 2975 eui
712 2900 817 2977 nullas
825 2899 1058 3008 secundutsua
1074 2917 1222 2995 tenpore.
1271 2906 1351 2987 ,Au-

162 3016 202 3076 tut
219 3002 379 3078 aelorum
403 2996 604 3107 innocentii
627 2997 672 3071 de
700 2998 775 3093 ejua
800 2995 1067 3071 liberalitatem
1097 2995 1213 3105 specie
1244 2998 1350 3079 testa.

156 3090 1080 3282 ln‘adelitiam{ulliae2335,'illi
1096 3092 1349 3269 illiniti

148 3286 237 3386 supra
261 3309 369 3364 annm
386 3285 536 3358 nortales
553 3282 778 3377 ambitiosum,
805 3299 836 3358 et
870 3285 1042 3376 aperiam,
1071 3287 1286 3383 pecuniaeque
1296 3288 1352 3384 st!

154 3388 291 3461 tutorem
313 3379 554 3477 insatiabilem,
581 3395 613 3451 et
637 3380 681 3453 ad
701 3383 808 3455 annia
849 3381 953 3471 celera
974 3397 1032 3474 pro
1059 3382 1208 3471 pecuniis
1237 3386 1354 3480 datia,'

152 3485 194 3556 nl
211 3478 394 3578 promissis,
418 3500 562 3566 caream,
584 3489 619 3548 at
635 3476 820 3568 proclivem.
870 3474 958 3564 Cui,
980 3471 1140 3570 respectu
1162 3477 1351 3577 auaritiae,

151 3577 326 3654 altestatur
359 3574 538 3648 Robertua
565 3567 810 3645 Limolnieufia
847 3570 940 3666 apud
981 3569 1226 3665 Matthaeum„
1243 3575 1352 3673 Pgrit

148 3671 247 3766 ibid,
278 3694 348 3748 nee
381 3690 453 3743 uon
485 3666 604 3742 Abbaa
638 3663 881 3777 Utspergensta
896 3718 928 3756 „
948 3664 987 3738 in
1017 3663 1134 3763 capite
1165 3669 1212 3755 de
1246 3672 1353 3771 gestie

149 3770 309 3871 Philippi.
349 3761 493 3840 Constat
517 3784 680 3860 quoque,
714 3760 904 3837 inmensam
933 3762 1034 3860 plane
1065 3767 1238 3863 pecuniae
1253 3770 1353 3848 sum.

147 3889 232 3945 tuam
256 3866 302 3941 ab
324 3861 401 3958 ipso
425 3857 526 3934 fuiffe
547 3856 750 3956 congestam
774 3880 838 3955 per
859 3856 1150 3954 indulgentiarum
1185 3869 1359 3951 nundina&

154 3966 279 4052 tiouea,
312 3954 437 4033 censue
459 3972 648 4050 regnorum
672 3953 834 4046 exaltor,
865 3952 904 4032 id
933 3953 1056 4051 primia
1085 3955 1259 4056 Anglige,
1289 3985 1356 4060 peu

155 4076 289 4228 'wilm
303 4140 341 4227 V
363 4047 572 4159 debilia,
603 4065 643 4129 et
661 4050 1066 4226 nucsuuruderifiuaa
1079 4053 1223 4168 reuma
1249 4055 1360 4225 ῥοῇ,

159 4226 164 4239 ,
222 4175 285 4249 an.
361 4206 372 4226 .
754 4164 775 4227 e
1281 4162 1364 4250 pert
1425 4202 1429 4219 .

1264 4602 1271 4617 ἱ
