3022 4806
634 623 744 708 Serri.
771 625 859 704 xil.
959 642 971 691 ἰ
1310 656 1362 735 35

145 831 222 886 reto
247 801 623 902 celeberrimae'leges
651 801 697 878 de
728 829 768 881 re
793 802 933 880 medica
962 807 1051 883 letae
1073 804 1154 884 sunt
1175 824 1196 884 e
1218 809 1349 890 Frede-

142 910 207 982 rico
225 908 272 980 11.
297 903 462 991 Caesare,
487 899 535 975 ibi
558 902 753 976 docendae.
803 902 909 976 Unde
936 901 1066 1001 liquet,
1092 928 1215 980 omnes
1238 914 1345 986 medi·

139 1028 232 1080 cinae
265 1020 384 1098 parter
420 999 466 1072 ibi
496 995 596 1070 fuisse
635 998 834 1092 enposrtar,
877 1014 1056 1097 totamque
1096 1020 1208 1075 artem
1247 1005 1347 1082 soille

138 1103 423 1200 Hippocrateam.
471 1093 636 1187 Denique
656 1094 774 1170 schola
798 1092 1012 1187 Parifienſss,
1050 1122 1070 1173 a
1096 1115 1258 1195 tempore
1282 1107 1351 1178 Ca·

139 1205 195 1274 toli
224 1199 284 1270 M.
310 1191 483 1278 instituta,
515 1188 643 1262 deinde
671 1187 708 1262 in
735 1195 895 1265 tenebras
918 1193 1034 1282 milla,
1066 1194 1136 1267 hoc
1158 1197 1271 1271 rursur
1294 1200 1345 1273 se·
1399 1253 1407 1271 ,

139 1297 213 1373 culo
247 1286 410 1364 illustrata
433 1284 503 1373 est,
534 1284 681 1357 manime
703 1309 768 1382 per
796 1287 1049 1384 Theologicanr
1076 1288 1346 1389 professionem‚

138 1413 233 1491 quam
261 1385 443 1459 Anselmns
467 1378 718 1470 Laudunensrs,
759 1381 952 1457 Guilelmus
983 1385 1240 1481 campellensrr,
1280 1393 1346 1465 Pe.

138 1511 206 1563 trus
229 1481 463 1567 Abaelardur,
505 1474 684 1550 Gilbertus
705 1478 932 1568 Porretanue,
974 1496 1010 1551 et
1033 1482 1153 1554 Petrus
1176 1483 1347 1561 Lombar·

138 1584 218 1670 due,
266 1577 418 1650 maxime
456 1591 638 1644 ornarunt.
696 1574 737 1646 In
778 1574 907 1668 Anglia
938 1595 1078 1670 quoque
1116 1578 1351 1659 refloruerunt

139 1683 277 1755 litterae
308 1692 415 1766 opera
443 1667 592 1740 Roberti
620 1667 775 1755 Polemi,
809 1689 847 1740 et
872 1670 1022 1742 Henrici
1042 1671 1152 1761 [Lac
1178 1675 1349 1755 Richardi

109 1779 275 1866 -Regum
300 1790 383 1839 cura
408 1785 449 1836 ac
484 1761 716 1856 protedlione.
764 1761 851 1837 Vid.
884 1766 1121 1847 cambdenus,
1160 1773 1218 1866 qui
1244 1775 1352 1851 eriam

139 1870 263 1955 tradit,
288 1864 414 1936 Paianii
436 1874 570 1930 conatur
595 1858 673 1931 adeo
688 1853 842 1950 feliciter
865 1856 1004 1953 ceffiffe,
1040 1878 1077 1932 ut
1100 1882 1259 1958 regnante
1282 1869 1349 1962 Ja-

139 1970 263 2048 iranne,
301 1957 363 2055 qui
389 1977 420 2029 a.
450 1973 557 2044 1199.
580 1951 738 2051 incepit,
776 1958 845 2028 tria
868 1956 975 2029 millia
989 1953 1204 2054 studiosorum
1216 1962 1351 2059 fuerint

141 2063 303 2138 oxoniae.
939 2106 944 2113 -

183 2155 215 2253 ς.
240 2147 375 2226 xxxi.
409 2140 580 2219 Nondum
612 2160 729 2217 tamen
755 2136 903 2239 jara'er
931 2146 1128 2241 privilegia,
1168 2148 1351 2248 inprimit
1378 2146 1381 2151 ¹

144 2247 299 2344 respeciu
320 2237 587 2337 jurisdidlionie,
619 2256 657 2311 et
682 2237 868 2334 potestatis
891 2237 994 2311 dandi
1019 2242 1194 2332 honoret,
1236 2248 1352 2328 locum

140 2351 215 2426 -lroc
236 2364 309 2417 tem
339 2358 403 2410 ore
423 2336 636 2424 habuerunt,
659 2336 820 2430 adeoque
843 2356 911 2408 nec
936 2335 1167 2429 Academiae,
1202 2339 1249 2416 sic
1297 2352 1352 2429 rof.

168 2445 220 2518 rie
253 2437 290 2510 di
330 2455 391 2522 ae,
430 2428 561 2527 quippe
591 2427 714 2541 quibua
747 2428 835 2541 itaet
862 2426 1055 2540 ¹privilegia
1089 2434 1231 2545 propria
1263 2369 1352 2520 iane

143 2472 384 2618 i'undamenta
407 2543 545 2598 tantum
572 2524 727 2620 aliqualis
749 2524 1000 2618 Jurrsdrdhonrs
1030 2528 1123 2624 jecit
1146 2533 1352 2615 Fredericut

145 2622 366 2712 Barbaroffa,
407 2620 488 2718 qui,
526 2637 705 2694 conventu
744 2619 951 2713 Roncaliis,
993 2643 1105 2721 prope
1143 2625 1355 2709 Placentiam

146 2722 321 2809 initalia,
354 2720 476 2792 habito
505 2722 682 2805 a.1158.‚
707 2716 950 2806 authenticam,
988 2741 1076 2815 qnae
1104 2720 1221 2796 laena
1241 2729 1355 2822 audit,

146 2815 407 2928 promulgavit,
446 2832 515 2908 qua
533 2808 760 2885 ¹scholaribus
787 2812 973 2905 optionem
996 2814 1056 2888 dat
1087 2814 1241 2912 eligendi
1266 2823 1359 2916 judi.

150 2943 245 3005 cem,
286 2911 345 2986 vel
366 2907 561 2984 Dominum
584 2905 678 2992 loci,
719 2907 776 2979 vel
800 2906 1032 3004 Episcopum,
1070 2911 1125 2982 vel
1159 2912 1355 3009 Magistros,

148 3013 272 3094 Postea
295 3004 592 3090 Fredericua11.,
616 2999 884 3096 Neapolitanam
908 3003 1131 3078 Academiam
1153 3007 1338 3090 instituens

151 3114 201 3190 ita
226 3103 359 3180 sanxit:
402 3119 506 3172 amnes
519 3096 687 3193 scholares
713 3099 747 3169 in
770 3100 923 3172 civilibus
935 3097 1005 3193 snb
1031 3100 1147 3269 eim
1169 3074 1361 3190 Dciioribui

149 3230 181 3285 et
204 3196 381 3295 Magister
404 3198 517 3268 delient
548 3195 719 3266 conveniri.
767 3191 889 3268 Exstat
928 3194 1018 3286 apud
1078 3215 1188 3271 etrum
1218 3201 1264 3276 de
1291 3209 1360 3283 Vi.

153 3302 226 3380 neit
248 3291 484 3393 Epistularum
511 3289 534 3363 l.
558 3289 622 3363 111.
675 3290 732 3363 De
756 3289 921 3384 gradibus
945 3290 1275 3387 veredariorum,
1300 3324 1363 3381 aut

153 3418 272 3474 eorum
293 3385 470 3482 insigniis,
496 3381 580 3457 nihil
608 3381 677 3490 lroc
700 3383 816 3456 seculo
843 3382 1000 3475 constat,
1025 3385 1083 3459 sed
1105 3389 1293 3485 sequente3
1318 3398 1368 3475 de

156 3518 222 3593 qno
244 3489 309 3563 suo
340 3500 514 3579 tempore.
566 3477 654 3554 Vrd.
688 3478 898 3578 Continginr
930 3481 976 3555 de
999 3480 1163 3578 Arripuit.
1195 3489 1368 3572 Academi·

173 3617 210 3666 rr.

154 3613 232 3785 cp.
256 3671 414 3756 xxxii.
457 3666 677 3765 Theologiae
707 3669 944 3781 §chalasticum
988 3689 1029 3748 ut
1061 3672 1223 3771 adpellari
1256 3681 1372 3776 solet,

158 3762 493 3862 ,paramum-quod
517 3781 598 3839 ante
623 3786 740 3840 omma
761 3767 812 3842 est
834 3766 1111 3860 advertendum,
1143 3774 1221 3848 sunt
1250 3800 1281 3852 1.
1306 3781 1369 3853 Pa·
1434 3851 1461 3857 ..

156 3901 243 3956 emm
265 3867 348 3947 colli
379 3885 440 3937 ere
466 3857 670 3952 sententiae,
711 3864 835 3963 easque
868 3886 949 3938 curn
976 3865 1211 3962 Scripturas.
1237 3870 1372 3968 princi.

155 3977 286 4074 piorum
314 3966 353 4040 in
409 3953 580 4032 thabere
618 3978 651 4032 a.
676 3956 869 4034 Dideilica
900 3981 936 4034 et
960 3960 1201 4059 Philosophica
1232 3964 1375 4042 ratioci-

162 4075 230 4164 nir,
248 4055 420 4168 inprimis
445 4050 638 4130 secundum
660 4052 860 4231 Ariikotelir
889 4057 1039 4158 placita,
1075 4059 1267 4143 admiscere
1290 4057 1376 4167 dod·
