3022 4806
128 546 200 636 382
503 531 649 634 Instatis
672 528 801 632 Ettlss.
828 530 946 632 Christ.
1010 553 1016 561 ·

139 711 326 805 omnibus,
351 710 432 821 lpus
456 705 610 796 donatis,
645 704 715 785 sedi
743 709 969 809 apostoticae
1000 713 1195 798 rel'ervatis.
1248 723 1349 824 Quart

138 811 174 882 in
202 810 350 881 eandum
386 812 460 880 lere
488 805 661 877 rationem
695 816 831 881 caulam
862 809 1032 883 definivit
1057 815 1222 893 Clemens
1247 821 1294 894 V.
1317 832 1347 899 in

137 905 286 1002 synodo
313 899 528 988 Viennensi,
561 901 657 974 edita
688 902 957 993 constitutione,
994 912 1086 982 crisi
1107 914 1147 982 dt
1179 917 1346 1011 Paralia,

140 1007 204 1083 nist
228 1002 323 1100 quod
352 1002 389 1072 in
423 995 627 1073 consrstorio
658 997 768 1077 fuerit
799 1001 1002 1090 decretum,
1045 1010 1190 1084 modurn
1216 1016 1346 1091 vivendi

140 1095 447 1182 conventualium,
474 1114 512 1166 et
536 1093 801 1169 communitatis
826 1095 971 1170 Ordinis
990 1095 1232 1197 coelicarum,
1257 1109 1341 1188 find

141 1197 282 1294 regulae
306 1195 335 1264 F
337 1189 480 1264 rancisci
504 1188 740 1266 observandae
762 1188 941 1267 sufficere:
974 1213 1014 1268 ut
1045 1197 1270 1301 Waddingus
1289 1211 1341 1282 ob·

142 1296 267 1371 fervat.
315 1287 373 1360 Ab
397 1286 451 1359 hir
474 1308 562 1358 vero
584 1285 868 1385 definitionibus,
900 1312 988 1386 quae
1009 1292 1261 1388 spiritualibus
1283 1325 1339 1377 nta-

140 1391 197 1485 gis
218 1383 403 1472 favebant,
428 1379 577 1455 discessu
601 1382 778 1479 Johannes
804 1384 941 1474 XXll.,
966 1386 1048 1483 qui,
1081 1391 1178 1465 edita
1199 1398 1340 1473 decreta·

140 1490 188 1574 li,
211 1481 255 1555 ad
277 1480 489 1567 conditorem,
515 1477 608 1553 inter
631 1478 706 1571 ejus
728 1482 1019 1574 Extraragantes,
1044 1484 1257 1583 declaravit,
1279 1493 1338 1569 Mi·

139 1577 270 1657 noritis
292 1597 366 1649 nou
402 1572 595 1670 fimplicem
621 1576 717 1648 ulum
747 1573 830 1649 fabri
859 1575 896 1648 iu
928 1581 1030 1652 rebus
1068 1586 1274 1680 concellit,
1295 1587 1338 1664 lod

140 1696 176 1750 et
199 1674 274 1772 jus,
299 1672 445 1768 proprie
469 1669 619 1753 diuum,
643 1689 862 1779 competere,
890 1674 971 1768 quia
995 1673 1068 1748 stne
1096 1702 1144 1753 eo
1163 1684 1241 1773 usus
1264 1683 1339 1760 fouet

136 1768 364 1868 illegitimum
390 1786 565 1862 praeterea
588 1764 783 1840 dominium
810 1791 927 1842 earum
946 1792 1060 1843 rerum
1084 1775 1161 1851 sedi
1180 1778 1340 1857 Romanae

141 1867 309 1965 negavit,
341 1884 379 1937 et
400 1860 528 1937 Ordini
561 1859 779 1958 transcripsit.
833 1862 932 1963 Quae
965 1867 1195 1948 decretorum
1217 1877 1340 1953 diverb

141 1986 193 2041 tas
215 1963 323 2039 nimia
345 1956 418 2048 est,
444 1980 547 2056 quam
572 1976 611 2031 ut
634 1979 715 2032 cum
739 1959 925 2035 autoritate
940 1962 1055 2058 Papali
1077 1971 1259 2049 conciliari
1272 1998 1341 2069 qut·

141 2087 191 2139 at.
243 2062 284 2135 ln
308 2081 380 2157 quo
404 2053 530 2130 lrustra
553 2053 752 2131 laborarunt
776 2055 1158 2161 CatholicoRomani,
1183 2069 1246 2146 seu
1269 2071 1343 2149 Por·

139 2157 255 2238 cincii.

187 2256 220 2352 ᾗ.
249 2247 506 2327 CCCXXXIX.
533 2248 679 2335 Praeter
703 2246 925 2340 spirituales,
965 2270 1004 2323 ut
1033 2250 1151 2332 sertae
1177 2258 1353 2343 historin&

139 2351 344 2446 persequar,
389 2341 550 2438 adpellari
574 2364 712 2436 quoque
739 2341 834 2431 sunt,
868 2345 959 2442 quod
985 2367 1067 2424 ante
1094 2357 1214 2432 omnia
1240 2363 1343 2436 oblen

140 2443 293 2517 vandum
316 2437 386 2527 est,
419 2461 482 2533 per
504 2434 634 2511 ltaliam
657 2457 691 2508 et
718 2438 881 2525 Galliam,
907 2442 1116 2538 fratrittllr'3
1151 2476 1223 2550 quo
1241 2457 1341 2534 nomi.

139 2562 184 2615 ne
211 2557 290 2619 eos,
325 2557 387 2628 per
412 2551 656 2615 contemtum,
681 2533 864 2629 insignivit
891 2542 1046 2612 omnium
1072 2546 1209 2639 primus
1231 2552 1346 2648 Johan·

139 2660 203 2710 net
226 2627 362 2714 XXII„
389 2625 478 2723 quast
504 2628 599 2700 dicas
616 2625 845 2722 fraterculos,
871 2654 910 2707 ut
935 2638 1080 2712 habetur
1104 2641 1142 2717 in
1168 2646 1348 2742 diplomate

139 2726 319 2817 Ludovici
336 2725 401 2800 lV.
422 2747 453 2796 a.
479 2747 602 2815 ¹324u
630 2728 664 2797 in
683 2750 803 2799 eorum
822 2729 980 2803 favorem
998 2754 1120 2810 contra
1136 2739 1346 2839 Johannem,

139 2830 230 2927 apud
261 2821 460 2900 Goldastum
487 2819 634 2894 Constit.
660 2825 775 2918 lnper.
803 2848 836 2915 p.
853 2828 918 2911 11.‚
948 2852 1011 2922 per
1029 2831 1252 2913 Germaniam
1267 2864 1346 2916 vero

140 2949 180 3001 et
206 2923 378 3018 Belgium,
406 2914 552 3012 aliasque
576 2920 753 3014 regiones,
779 2923 943 3016 Bogunrdt'
960 2942 991 2995 et
1016 2927 1179 3022 Begur'nt',
1206 2940 1249 3011 ab
1271 2937 1350 3013 anti.

141 3047 207 3116 qua
231 3042 321 3093 voce
356 3016 567 3089 Getntanica
588 3019 733 3111 beggcu,
760 3022 938 3114 beggeren,
965 3023 1068 3094 hodie
1089 3029 1270 3127 dagdcren,
1295 3036 1351 3113 sen

139 3116 292 3195 studiose
320 3134 455 3208 petere.
506 3111 637 3213 Quibus
664 3113 864 3188 nominibus
888 3115 954 3189 viri
991 3140 1028 3190 et
1052 3121 1230 3202 foeminae
1257 3132 1348 3208 veni·

138 3236 222 3297 unt,
265 3232 339 3285 turn
374 3233 544 3306 pauperos
568 3211 834 3300 mendicantes,
871 3232 943 3282 tum
968 3216 1129 3291 ardenter
1153 3245 1351 3331 precantes,

140 3333 178 3385 et
204 3308 327 3382 devoti
352 3306 387 3380 in
413 3330 553 3402 genere.
604 3306 686 3404 Quo
715 3307 819 3380 etiarn
843 3310 1056 3384 Biaotltorum
1088 3338 1220 3395 nomen
1245 3330 1346 3419 perti·

139 3426 221 3494 net,
247 3429 319 3500 quo
340 3423 473 3499 perum,
500 3400 633 3477 Gallice
648 3401 781 3495 besuae,
808 3406 915 3479 instar
930 3411 1194 3488 mendicantium
1219 3419 1350 3513 gestanr

142 3525 215 3589 tes,
244 3501 487 3596 infigniunrut.
538 3500 577 3572 ln
599 3498 715 3592 specie
729 3511 845 3575 autem
865 3505 1039 3600 Begoinae
1056 3509 1172 3584 didiae
1187 3515 1265 3589 sunt
1281 3519 1349 3592 loe·

139 3604 248 3677 minae
273 3599 348 3691 ejus
373 3598 502 3682 sertae,
528 3595 620 3667 unde
639 3619 702 3691 pro
726 3598 943 3695 virginibus,
971 3603 1052 3676 Deo
1076 3608 1237 3701 sacratis,
1264 3614 1348 3687 usur·

137 3712 250 3798 p'atur.
301 3690 370 3785 ipsu
404 3695 556 3786 denique
590 3691 662 3765 sele
693 3713 933 3790 nuncuparunt
957 3697 1093 3791 fratres
1129 3723 1288 3799 pauperes
1314 3710 1353 3782 dc

141 3798 235 3871 tertio
269 3791 390 3864 Ordine
423 3782 612 3879 Francistt',
654 3792 747 3862 unde
780 3791 871 3863 suam
907 3798 1127 3886 repetierunt
1162 3802 1351 3903 originem„

136 3898 319 3990 &paratae
345 3904 459 3959 autern
485 3908 504 3955 a
529 3882 705 3957 Minoritis
730 3883 840 3960 sertae
858 3886 957 3976 initia
981 3892 1181 3970 derivantur
1204 3922 1224 3970 a
1249 3907 1350 3978 Petro

137 3994 181 4065 de
200 3986 383 4065 Maccus
391 4035 403 4077 ,
428 4001 466 4081 pt
485 3982 590 4082 Petro
610 3979 637 4053 F
640 3980 924 4083 orosempronio,
951 3988 1011 4087 qui
1037 3995 1166 4091 apapa
1189 3997 1361 4076 cadestg.

753 4148 756 4153 -
812 4138 828 4154 ··
1306 4111 1353 4167 uo
