3022 4806
141 634 215 715 επ
533 609 681 715 Historia
703 605 832 708 Ecrlts.
855 608 970 711 Clitis).

147 793 331 883 latorum,
373 792 576 868 nominatim
600 791 753 890 Philippi
779 811 821 866 et
838 786 1033 867 Clementia
1055 788 1126 883 V.,
1159 788 1254 867 illius
1280 791 1372 870 intra

150 915 297 980 anuum,
324 895 425 984 liujus
441 894 529 964 intra
545 913 594 979 40
610 893 703 976 dics,
728 889 899 963 citatione
916 889 959 961 ad
978 887 1126 962 tribunal
1141 888 1228 962 Dei.
1257 889 1366 976 th.,

151 1009 288 1081 praeter
318 992 622 1072 continuatorem,
648 1004 684 1057 et
707 985 911 1057 chronicon
935 982 1203 1078 Hirlaugienl'e,
1232 985 1363 1059 Maria·

152 1103 195 1153 nr
221 1082 298 1154 hist.
323 1083 514 1176 Hispaniae
538 1083 558 1155 l.
585 1082 671 1155 XV.
704 1101 746 1152 ea
761 1082 830 1175 fide
853 1082 982 1175 dignis,
1015 1097 1055 1149 ut
1075 1079 1147 1168 ait,
1181 1087 1361 1153 autoribus.

151 1179 193 1248 In
218 1181 288 1251 hoc
311 1200 392 1249 curn
416 1179 499 1249 ell'er
529 1177 727 1271 Philippus,
767 1177 926 1248 Clemens
952 1175 1002 1248 V.
1026 1172 1106 1247 illud
1135 1196 1241 1270 aegre
1264 1176 1363 1265 tulit,

152 1277 210 1346 vel
235 1273 269 1345 se
293 1272 385 1343 ferre
410 1273 532 1360 finxit,
559 1278 650 1366 quod
673 1270 866 1366 Templarii
893 1268 963 1343 fine
989 1265 1047 1341 sua
1066 1273 1260 1344 autoritate
1285 1271 1361 1365 capi

149 1388 186 1441 et
210 1365 334 1464 inquiri
360 1366 497 1458 jullrllet
524 1367 625 1456 Rex,
658 1366 873 1448 contendens
894 1383 930 1437 et
952 1363 1118 1460 exigent,
1158 1366 1295 1440 causam
1317 1365 1358 1440 ad

148 1466 246 1538 suum
281 1464 425 1535 tribunal
455 1462 520 1535 elle
553 1463 789 1537 deferendam.
839 1460 1032 1572 Philippus,
1071 1462 1232 1556 quamvis
1255 1460 1359 1537 initio

149 1560 260 1632 fuerit
287 1560 331 1630 de
356 1559 467 1653 Papae
486 1557 656 1655 postulato
673 1554 898 1655 conquestus,
919 1579 995 1652 Jura
1010 1555 1267 1652 Episcoporum
1282 1579 1357 1652 reg·

149 1657 186 1727 ni
212 1655 261 1727 sui
285 1676 329 1726 eo
354 1653 475 1727 violari
498 1653 732 1736 contendens,
767 1653 935 1728 concelirt
963 1671 1077 1722 tamen
1101 1677 1187 1728 mox
1214 1653 1254 1729 io
1276 1674 1358 1728 vota

149 1751 283 1846 Papae,
307 1752 501 1846 multusque
524 1748 613 1822 misit
634 1750 674 1820 ad
699 1751 845 1842 Pupam,
871 1750 914 1821 ab
937 1768 980 1818 eo
996 1748 1253 1825 examinandos.
1286 1749 1357 1825 le

147 1849 269 1943 itaque
293 1845 435 1919 dubium
458 1845 527 1932 est,
573 1843 656 1939 quiri
688 1843 773 1917 haec
801 1845 911 1938 Regis
941 1860 978 1914 et
1013 1846 1122 1938 Papae
1148 1843 1355 1934 contentio,

147 1941 257 2016 fuerit
283 1941 433 2030 scenica,
458 1960 496 2015 et
520 1962 605 2036 pura
622 1957 708 2033 puta
732 1938 882 2011 collusio.
934 1939 1105 2011 Examine
1129 1962 1220 2013 vero
1238 1964 1354 2016 coram

148 2039 241 2135 Papa
263 2036 375 2130 facio,
418 2036 607 2110 eorundem
631 2032 816 2107 criminum
842 2034 1109 2125 coufelironem,
1155 2035 1215 2109 sed
1241 2056 1280 2111 et
1299 2058 1356 2111 eo·

149 2137 231 2207 dem
257 2136 385 2226 modo,
423 2133 621 2207 ediderunt.
672 2130 790 2230 Quare
820 2153 902 2203 mox
933 2132 1100 2224 generalia
1130 2129 1182 2205 est
1212 2133 1355 2207 nomiae

148 2231 263 2327 Papae
287 2233 449 2318 decreta,
476 2251 512 2301 et
536 2228 712 2315 instituta,
740 2224 929 2320 Inquisitio,
980 2225 1152 2299 Habitum
1176 2231 1283 2303 etiarn
1304 2226 1353 2302 est

149 2325 344 2397 concilium
377 2326 587 2412 Provinciae
620 2323 825 2394 Senonenlis
856 2346 887 2395 a.
919 2345 1026 2416 1310,
1054 2345 1073 2394 a
1098 2320 1265 2420 Philippo
1286 2327 1352 2399 Ar·

145 2420 377 2511 chiepilcupo
410 2419 557 2504 Parisiis,
582 2416 618 2486 in
647 2418 745 2488 caula
774 2417 1069 2514 'l'emplariorum,
1097 2441 1247 2513 quorum
1269 2422 1348 2509 alii,

144 2513 365 2606 poenitentia
396 2511 568 2605 injuncia,
594 2511 669 2580 lunt
701 2512 865 2602 absoluti,
890 2514 948 2586 alii
971 2512 1005 2585 in
1028 2513 1157 2588 artium
1182 2514 1251 2589 dati
1274 2516 1344 2588 cus·

144 2608 298 2693 rodiam,
339 2607 397 2678 alii
439 2607 655 2701 quamplures
694 2607 735 2678 ad
770 2627 973 2703 perpetuam
1008 2609 1098 2681 muri
1129 2610 1347 2686 inclusionem

104 2774 110 2783 ,
145 2702 321 2789 uamnati,
348 2701 404 2776 alii
437 2702 554 2774 curiae
592 2701 732 2773 seculari
765 2706 904 2789 traditi,
939 2724 975 2777 et
1000 2704 1138 2797 publice
1162 2707 1350 2798 combusti,

144 2804 189 2874 ad
229 2798 475 2897 quinquaginta
507 2799 612 2893 usque
645 2819 714 2868 uno
746 2797 818 2870 die.
867 2800 951 2896 Quo
984 2801 1106 2872 eodem
1137 2823 1234 2877 anno
1266 2807 1352 2878 cele·

145 2899 280 2970 brutum
317 2896 366 2968 est
396 2893 602 2966 Ruemensss
629 2893 836 2966 Provinciae
860 2895 1051 2968 concilium
1076 2894 1292 2990 silvanetti,
1313 2899 1348 2974 io

145 3016 215 3088 quo
248 2992 378 3086 aliquot
408 2993 534 3076 etiarn,
567 2987 716 3062 criminis
745 2989 921 3078 conniti,
948 2991 1092 3063 brachio
1110 2991 1266 3069 'seculari
1289 3016 1350 3069 tta·

143 3085 210 3160 diti
240 3087 338 3174 sunt,
377 3105 412 3156 er
450 3083 629 3158 combusti.
684 3085 770 3156 Vid.
805 3086 897 3159 idern
926 3091 1150 3160 continuator
1181 3087 1353 3201 Naugiua

143 3180 205 3253 Est
236 3203 372 3274 quoque
405 3181 555 3275 ejusdem
584 3181 665 3255 anni
697 3181 856 3274 synodus
881 3180 1137 3269 Ravennensra,
1163 3205 1353 3262 autorrtate

146 3277 371 3372 Apostolica‚
397 3294 609 3364 convocata;
634 3300 653 3347 a
677 3298 762 3369 qua,
790 3301 868 3351 cunr
894 3276 1048 3352 nonnulli
1066 3277 1135 3350 sese
1151 3280 1353 3358 constanter

142 3372 357 3445 declararent
390 3373 614 3459 innocentes,
641 3372 821 3444 decretum
855 3372 925 3459 est,
951 3373 1161 3445 innocentes
1191 3375 1264 3451 effe
1296 3382 1352 3455 ab·

143 3466 349 3557 solvendos,
376 3470 527 3565 reliquos
557 3491 600 3539 ex
635 3468 712 3560 lege
738 3471 951 3559 puniendos,
976 3468 1033 3542 sed
1058 3493 1124 3564 pro
1150 3469 1351 3549 innocenti·

142 3565 209 3636 bus
233 3565 339 3633 etiam
365 3563 561 3650 habendos,
584 3561 662 3657 qui,
689 3583 784 3634 rnetu
808 3568 862 3637 vel
888 3567 925 3637 vi
946 3583 1198 3638 tormentorum
1214 3570 1348 3644 confes·

141 3659 187 3747 fi,
213 3654 330 3751 postea
362 3663 626 3745 revocaverint,
659 3677 696 3728 et
726 3657 770 3728 de
797 3658 1000 3734 innocentia
1032 3659 1217 3737 constaret.
1263 3665 1349 3744 Vid.

142 3757 285 3832 Rubeus
320 3751 396 3824 hist.
431 3751 591 3824 Ravenn.
624 3751 665 3822 ad
698 3775 728 3827 a.
766 3775 870 3846 1310.
920 3757 1085 3854 Denique
1119 3777 1182 3850 pet
1206 3760 1352 3860 Longo·

141 3851 293 3930 bardiam
324 3865 360 3916 et
393 3843 582 3920 Thusciam
617 3845 706 3919 satta
737 3872 872 3945 quoque
897 3853 946 3924 est
979 3850 1173 3947 inquisitio,
1201 3859 1352 3934 achor·

140 3949 325 4024 rendorum
355 3942 542 4016 criminum
572 3943 623 4018 rei
653 3944 731 4016 sunt
763 3945 967 4044 deprehensi
1003 3948 1210 4043 Templarii.
1261 3953 1353 4032 Vid.

135 4050 285 4126 Bzovius
307 4064 338 4116 a.
368 4063 409 4143 13
440 4046 473 4123 8.
1084 4138 1105 4243 ς
1143 4140 1340 4221 cccxxx
