3022 4806
97 532 101 693 l

533 682 539 714 ⁷
586 740 589 745 .
656 672 766 773 Secti.
796 672 881 782 llll.
942 684 958 747 '.
1320 708 1378 787 .3'1

216 907 223 923 .
248 846 389 925 XXVI.
409 847 634 923 cruciatorum
655 849 900 947 expeditiones
919 870 1119 926 enarrarunt
1135 856 1268 948 plures,
1290 864 1366 954 uti,

160 967 209 1041 pra,
244 972 283 1019 er
298 969 540 1042 anonymum,
554 945 719 1043 Rabirius
736 948 954 1034 Monachus,
974 950 1147 1025 uatus-aas
1169 957 1368 1035 Dalanlium

158 1043 470 1140 tlrclriepiscopus,
503 1041 720 1139 Raymuntlus
744 1048 789 1115 de
814 1042 951 1136 Agiles,
986 1048 1184 1121 Canonicus
1219 1052 1369 1131 l'otlren·

151 1135 201 1231 b,
226 1158 286 1217 ,et
329 1141 536 1236 Capelianus
573 1139 720 1213 Comitis
759 1139 958 1226 Tolumni,
1000 1145 1158 1217 alibertus
1193 1148 1370 1241 -Aquenlis

150 1234 363 1325 eanonicus,
410 1235 598 1309 bulcierius
642 1236 836 1309 Monachus
886 1237 1133 1325 carnotenis,
1188 1243 1366 1325 Canterius

147 1331 392 1422 cancellarius,
419 1334 601 1405 Galiebnus
619 1331 749 1427 Tyrius
773 1328 1090 1430 Archiepil'cupus,
1121 1339 1299 1413 Guibertas
1317 1366 1364 1418 ex

145 1424 241 1501 nobili
265 1426 380 1522 stirpe
416 1429 534 1502 Gallus
564 1426 835 1514 bellovacensis,
871 1429 988 1500 Abbas
1024 1431 1295 1528 Novigcntrnus
1328 1439 1366 1512 in

144 1519 291 1596 dioecefi
326 1521 543 1598 baudanenfi
576 1527 619 1597 ab
658 1548 689 1598 a.
727 1546 833 1612 1104.
867 1545 1023 1597 mortuus
1063 1550 1093 1601 a.
1132 1549 1260 1618 tran,
1302 1534 1364 1631 qui

141 1618 235 1692 etiam
264 1620 378 1693 multa
397 1619 462 1693 alia
485 1618 636 1714 scripsit,
663 1635 797 1714 praeter
815 1615 911 1713 gestu
930 1621 998 1691 Dei
1025 1643 1090 1714 per
1115 1624 1288 1715 Francos,
1315 1632 1355 1703 in
1465 1634 1470 1642 '

143 1713 356 1811 scripturam
382 1716 416 1790 S.
444 1735 481 1788 et
505 1733 628 1788 contra
655 1714 833 1800 haereses,
860 1732 898 1786 ut
922 1715 967 1786 de
985 1717 1060 1788 vita
1078 1718 1134 1791 sua
1151 1739 1247 1807 etc.,
1273 1745 1362 1817 quae

142 1830 242 1904 opera
268 1810 349 1886 lunt
374 1807 467 1884 edita
485 1811 529 1884 ab
547 1809 726 1901 Acherio,
749 1807 785 1883 in
811 1810 910 1897 Fol,
938 1831 1004 1882 una
1028 1834 1109 1886 cum
1138 1815 1244 1887 variis
1265 1821 1364 1892 audi·
1435 1863 1441 1872 ·

141 1904 314 1985 tamenta.
365 1906 447 1979 Fuit
463 1905 605 2001 quidem
623 1928 725 1996 vere,
749 1928 817 1999 pro
834 1903 939 1977 seculi
955 1907 1085 1999 genio,
1111 1911 1280 1999 devotus,
1306 1913 1363 1995 sed

144 2019 175 2072 et
198 2002 306 2075 valde
331 1999 614 2097 superstitiosus,
640 1999 716 2074 stilo
750 2000 921 2074 horridus.
974 2003 1139 2076 Ceterum
1174 2029 1361 2105 praeroga·

141 2093 245 2170 rivam
270 2095 414 2171 sanandi
436 2099 615 2193 Sarapias,
640 2095 698 2170 seu
723 2093 883 2183 strumas,
909 2096 1045 2189 glandia
1072 2102 1238 2172 obdurata
1264 2106 1359 2179 circa

143 2192 287 2281 collum,
319 2192 460 2284 axillas,
485 2212 522 2267 et
546 2193 711 2287 inguina,
750 2190 862 2274 tuiiu,
887 2192 1098 2282 superaddito
1122 2199 1227 2266 crucis
1242 2195 1360 2290 figito,

145 2302 180 2358 ut
204 2288 362 2385 loquitur
393 2308 516 2379 autor,
555 2286 747 2375 divinius,
782 2307 819 2359 ιιι
850 2304 1011 2380 putatur,
1041 2288 1235 2363 couceliam
1265 2293 1362 2387 Regi

144 2382 371 2471 Francorum,
410 2384 620 2458 memoravit
652 2382 711 2458 lib.
747 2384 774 2456 Ι.
817 2403 849 2454 c.
885 2405 916 2455 1.
948 2383 986 2454 de
1016 2384 1202 2477 pignoribus
1234 2383 1360 2477 sanato,-

144 2501 229 2571 run3
256 2478 462 2576 etquidem
483 2484 609 2576 primns
633 2480 708 2573 ejus
734 2477 912 2566 meminit,
935 2498 973 2550 ut
997 2478 1195 2556 Dacherius
1219 2486 1361 2567 acl-eum

144 2575 252 2661 lucum
278 2575 434 2651 notavit.
482 2577 565 2650 Nec
588 2574 668 2648 i'lud
693 2576 897 2660 omittatur,
937 2596 1017 2646 eum
1042 2576 1129 2650 ibid.
1159 2599 1189 2651 c.
1213 2600 1248 2666 4.
1277 2604 1354 2654 mo·

143 2690 209 2745 rem
249 2672 445 2749 sauciatum
482 2694 633 2768 corpora
655 2673 762 2743 aureis
802 2670 855 2742 vet
885 2672 1049 2762 argenteis
1083 2675 1243 2747 coacitalis
1268 2678 1357 2750 inte·

143 2768 259 2855 rendi,
284 2787 462 2863 praeterea
489 2791 509 2841 e
538 2766 675 2840 tumulis
700 2768 865 2853 eruendi,
898 2789 932 2838 er
967 2767 1183 2840 membratim
1217 2770 1286 2842 huc
1315 2773 1356 2845 il·
1421 2815 1427 2825 ·

143 2863 191 2935 luc
216 2863 376 2952 ferendi,
401 2865 500 2937 valde
524 2862 721 2959 inprobare.
763 2863 928 2956 Denique
954 2859 1104 2952 Jacolas
1123 2868 1160 2935 de
1182 2865 1355 2955 Vitraaco,

143 2957 195 3032 led
221 2959 282 3055 qni
312 2959 365 3034 est
391 2959 494 3033 seculi
521 2958 717 3054 sequentis,
742 2957 839 3051 cujus
856 2958 1031 3050 praelatio
1050 2970 1091 3030 au
1116 2956 1194 3034 hist.
1213 2959 1353 3040 Orient.
1416 3012 1421 3021 ·

143 3074 177 3126 et
202 3053 329 3129 Occid.
357 3053 458 3129 etiam
490 3053 662 3149 reperitur
695 3055 729 3126 in
753 3051 876 3146 Antiq.
901 3050 1000 3125 Leil.
1028 3053 1149 3128 Canisn
1176 3077 1260 3130 tom.
1286 3059 1357 3134 lV.

143 3151 191 3224 Hi
214 3169 360 3229 autores
382 3173 504 3224 omnes
534 3148 669 3222 exstant
702 3149 740 3223 in
765 3148 872 3234 libro,
910 3149 968 3221 cui
995 3145 1131 3237 titulus,
1171 3153 1265 3245 gesta
1290 3154 1357 3228 Dei

139 3267 194 3340 per
217 3245 385 3322 Francos:
424 3243 482 3318 sed
506 3243 715 3319 celebriores
738 3244 816 3318 sunt
841 3242 1057 3333 Guibertus,
1097 3265 1134 3318 et
1160 3251 1356 3325 Guielmus

141 3344 283 3440 Tyrius.
323 3342 484 3416 Bernardi
514 3340 666 3436 denique
699 3339 919 3428 thesaurarii,
954 3339 1056 3433 hujus
1080 3342 1184 3415 seculi
1210 3346 1354 3439 scripto·

137 3437 201 3526 tis,
228 3435 377 3511 historia
394 3437 647 3529 tmraasottiiae
662 3452 872 3529 recuperatae
890 3453 921 3510 et
937 3435 1089 3531 anassaa,
1114 3438 1203 3510 leilu
1228 3441 1354 3536 digna,

139 3532 255 3606 locum
287 3550 389 3606 tenet
416 3531 511 3606 inter
546 3527 666 3605 ltaliae
697 3533 897 3627 Scriptores
924 3531 1113 3605 Muratoni
1152 3553 1237 3610 tom.
1269 3539 1354 3616 Vll.

138 3626 199 3703 ubi
224 3628 448 3703 Muratorius
471 3626 509 3699 in
532 3625 753 3725 praefatione
788 3648 911 3699 omnes
946 3627 1022 3700 belli
1055 3627 1138 3700 sacri
1170 3629 1354 3709 historicos

135 3722 304 3802 recenset.
352 3725 414 3800 De
437 3723 561 3821 quibua
582 3721 687 3800 etiam
705 3721 788 3824 vid..
802 3722 849 3797 A.
873 3719 1029 3798 Miraeus
1045 3723 1082 3797 in
1105 3728 1251 3801 aunario
1265 3730 1353 3809 edit.

135 3818 301 3898 Fabricii.

180 3918 212 4018 ι
235 3917 399 3994 XXVII.
434 3916 564 4009 Ingens
579 3912 687 3990 etiam
709 3913 761 3990 est
784 3936 909 3988 eorum
926 3915 1051 4012 copia,
1076 3918 1136 4012 qui
1153 3916 1243 3993 vitas
1257 3920 1353 3994 lanc·

135 4030 245 4090 torum
269 4009 553 4110 descripserunt,
593 4013 723 4108 major,
763 4035 867 4108 quam
904 4011 965 4086 bic
991 4016 1184 4086 enumerari
1212 4017 1352 4108 poffint.

134 4109 244 4191 Unius
271 4111 335 4191 hic
364 4105 594 4191 mentionem
623 4106 750 4280 facialrpr
784 4106 950 4201 Jalannis
976 4107 1355 4294 sareSbmenfisiimqii

761 4226 789 4295 4
1298 4229 1323 4284 0
