3022 4806
601 646 706 725 Securi
737 647 826 724 xil.
1260 673 1330 746 155

96 818 175 912 vit,
206 820 481 919 comprehendit
504 840 639 918 partem
673 824 918 922 Malleburgi,
957 821 1144 898 Marchiae
1168 825 1318 922 Brandef

95 915 287 1013 burgicae,
320 934 356 990 et
382 918 556 993 Ducatum
580 917 829 1007 brennensem,
869 921 912 993 ad
935 917 1161 994 Christianam
1186 923 1314 1014 profes·

96 1012 232 1086 sionem
256 1014 422 1088 adductae
457 1015 554 1102 sunt,
595 1012 773 1110 postquam
807 1016 990 1088 Pometani
1022 1012 1126 1090 armis
1160 1017 1316 1096 clienta

95 1105 258 1183 bolessao
283 1110 367 1198 lll.,
392 1110 599 1184 Polonorum
622 1109 743 1207 Rege,
777 1109 924 1199 subadli,
955 1131 1017 1203 per
1045 1112 1237 1202 Ottonem,
1269 1113 1317 1189 E·

97 1200 279 1299 piscopnm
307 1207 614 1301 Bambergensem,
649 1207 707 1302 qui
738 1230 793 1282 eas
816 1207 995 1304 regiones,
1038 1206 1149 1302 prima
1176 1209 1257 1283 vice
1281 1232 1314 1288 a.

103 1319 234 1388 1¹²4,
266 1301 433 1374 etaltera
460 1323 491 1373 a.
518 1310 645 1389 1128.,
671 1301 778 1392 adiit,
819 1324 860 1374 ac
885 1297 1113 1391 Uratillaum,
1152 1303 1316 1378 Pomera·

100 1391 185 1468 niae
209 1395 369 1485 Ducem,
408 1417 489 1467 cum
521 1395 654 1468 duobus
690 1396 763 1493 ejus
794 1395 893 1470 Filiis
923 1394 1139 1491 baptizavit,
1178 1400 1317 1497 quando

100 1489 313 1562 Adalbertus
339 1489 561 1563 renunciatus
583 1486 635 1561 est
656 1489 880 1567 Pomeraniae
903 1490 1114 1588 Episcopus,
1145 1492 1225 1570 sede
1252 1519 1317 1591 po·

100 1585 166 1657 sata
189 1584 349 1668 Vollini,
374 1585 465 1680 quod
492 1582 542 1656 est
567 1583 694 1657 insulae
714 1587 846 1684 Julini,
879 1585 921 1659 ad
945 1585 1040 1660 Ostia
1063 1588 1217 1680 Oderae,
1250 1614 1316 1686 op·

100 1680 248 1778 pidum:
281 1679 397 1755 variae
417 1679 501 1754 dein
525 1677 661 1754 erectae
691 1681 768 1762 sunt
792 1680 966 1756 Ecclesiae
991 1681 1027 1754 in
1054 1683 1251 1760 Pomerania
1277 1704 1316 1760 et

103 1776 265 1849 lautitia
281 1776 318 1848 in
342 1776 514 1849 bonorem
534 1774 731 1865 Adalberti,
762 1777 931 1876 Episcopi
954 1777 1148 1886 Pragensrs,
1194 1780 1252 1877 qni
1274 1780 1316 1853 fi·

102 1872 188 1945 dem
221 1868 271 1945 ibi
298 1870 419 1944 seculis
450 1870 685 1966 superioribus
716 1872 870 1971 plantare
909 1872 945 1947 in
979 1894 1097 1945 annno
1127 1872 1316 1966 habuerat,

100 1967 152 2042 de
175 1985 245 2065 quo
268 1964 366 2063 supra
389 1963 449 2038 suo
471 1966 562 2039 loco.
616 1965 724 2059 Vid.‚
748 1987 882 2064 praeter
907 1967 1130 2041 Helmoldum
1153 1970 1188 2041 in
1206 1969 1316 2041 Chro-

100 2064 187 2137 nico
212 2061 431 2149 sclavorum,
456 2062 662 2157 Anonymus
683 2060 720 2136 in
747 2066 819 2137 vita
844 2063 1005 2148 Ottonis,
1034 2061 1123 2157 apud
1148 2061 1318 2137 Canisrum

103 2159 147 2233 in
169 2154 269 2231 Lett.
294 2155 445 2252 antiquis
475 2173 560 2228 tom.
587 2158 651 2228 lll.
677 2180 714 2252 p.
738 2159 788 2228 II.
837 2156 911 2229 Hic
942 2174 1055 2226 autem
1081 2157 1192 2246 Otto,
1234 2157 1321 2232 licet

106 2250 368 2349 Bambergensrs
399 2249 592 2346 Episcopus
623 2273 688 2346 per
717 2251 878 2323 annulum
909 2266 947 2320 et
979 2249 1136 2322 baculum
1168 2245 1252 2323 ell'et
1275 2253 1319 2328 ab

106 2346 269 2425 Henrico
295 2348 396 2443 Rege
425 2346 662 2439 inauguratus,
695 2345 735 2417 ad
752 2347 874 2441 Papam
898 2340 1090 2416 Paschalem
1115 2341 1318 2439 profectus,

105 2443 336 2541 Episcopatus
368 2464 388 2512 a
423 2439 525 2535 Rege
556 2459 707 2536 accepto
745 2437 986 2528 renunciavit,
1027 2437 1142 2512 donec
1175 2461 1195 2515 a
1231 2442 1322 2537 Papa

105 2538 222 2617 fuerit
240 2535 438 2611 ordinatus:
463 2533 636 2631 praestitit
659 2534 728 2608 sese
753 2534 924 2609 celebrem
944 2553 1081 2628 quoque
1129 2555 1168 2607 er
1193 2536 1323 2643 cellas,

104 2654 147 2711 et
171 2627 394 2720 monasteria,
426 2632 464 2703 in
487 2628 546 2704 illo
573 2627 704 2720 nanu,
739 2649 776 2702 et
796 2628 832 2705 in
856 2628 1027 2716 circuitu,
1052 2649 1074 2702 e
1168 2627 1240 2721 Ra,
1280 2652 1324 2720 ae

106 2732 240 2819 ditata,
263 2747 351 2825 quae
376 2724 420 2799 ab
441 2743 564 2799 autore
589 2723 682 2797 vitae
695 2725 769 2822 ejus
791 2723 879 2801 ibid.
903 2722 1138 2799 recensentur.
1186 2727 1322 2802 Statura

108 2846 202 2901 vero
225 2825 383 2910 Parrum,
407 2841 494 2916 quae
520 2834 581 2893 eos
602 2817 737 2894 servare
759 2818 900 2908 docuit,
926 2815 1086 2890 recenset
1108 2818 1227 2892 Abbas
1249 2821 1321 2895 Ur·

108 2924 286 3020 spergens.
316 2919 408 2992 ada.
436 2935 564 3005 1124.,
589 2937 676 3010 qnae
690 2914 860 3012 jejuniam
882 2915 998 2987 sertae
1020 2909 1150 3020 feriae,
1174 2910 1319 3010 quadra·

110 3016 299 3113 gesimam,
322 3007 530 3109 baptismum
563 3009 616 3084 bie
633 3009 669 3083 in
695 3030 807 3099 anno,
829 3023 1024 3104 compatres
1044 3028 1082 3081 ιιι
1105 3027 1171 3098 eo,
1209 3006 1323 3084 conti·

111 3129 228 3219 nent,
244 3124 444 3204 praeterea,
470 3123 509 3178 ut
526 3124 591 3178 una
610 3126 718 3179 uxore
743 3103 902 3177 contenti
926 3101 1011 3191 sint,
1035 3100 1206 3199 sepeliant
1228 3126 1324 3181 mor·

111 3227 196 3283 tuos
218 3226 256 3276 ιιι
281 3199 514 3291 coemiteriis,
555 3222 628 3274 non
653 3198 690 3273 in
714 3197 807 3273 filvis
828 3216 888 3272 aut
908 3195 1062 3292 campis,
1088 3219 1135 3270 ne
1153 3195 1260 3274 fustes
1282 3198 1326 3277 ad
1479 3226 1486 3237 ·

111 3298 294 3396 sepulchra
331 3313 482 3393 ponant,
524 3317 666 3369 omnem
704 3295 810 3368 ritum
841 3311 879 3367 et
909 3290 1119 3389 pravitatem
1158 3315 1329 3391 paganam

111 3392 280 3492 abjiciant
301 3425 356 3447 ·-
377 3424 431 3445 -
456 3417 508 3444 ·-
530 3413 576 3464 ne
593 3387 675 3486 quid
690 3387 893 3464 inmundum
907 3385 1114 3475 comedant,
1140 3408 1210 3462 non
1229 3411 1324 3464 mor·

114 3489 301 3577 ticinium,
327 3507 400 3560 non
432 3483 655 3574 suffocatum,
678 3504 791 3580 neque
816 3482 1077 3593 idolothytum,
1111 3479 1261 3581 denique
1288 3500 1328 3563 ut
1380 3576 1383 3582 .

227 3604 263 3659 ta
278 3603 397 3657 coram
421 3580 597 3654 sacerdote
620 3576 880 3666 confiteantur,
899 3593 937 3649 et
961 3598 997 3650 rn
1014 3574 1216 3653 infirmitate
1241 3602 1334 3677 pres.

142 3700 264 3780 yteros
284 3679 326 3752 ad
352 3675 388 3750 se
406 3693 556 3768 vocent,
586 3691 730 3764 peccata
754 3671 1005 3760 confiteantur,
1031 3689 1066 3743 et
1098 3692 1226 3770 corpus
1254 3676 1333 3754 D0.

113 3775 206 3856 mini
231 3773 304 3850 acci
332 3771 422 3848 iant:
471 3788 543 3846 etc.
592 3771 725 3844 Genius
752 3790 840 3841 vero
879 3766 949 3842 viri
990 3765 1158 3862 patescit,
1200 3772 1325 3868 quod,

114 3871 243 3950 eodem
268 3798 449 3945 relerente
472 3883 611 3955 autore,
634 3863 672 3938 in
698 3861 919 3960 consuetudine
932 3865 1106 3952 hahuerit,
1132 3888 1154 3937 a
1180 3870 1332 3941 manibus

111 3969 316 4068 fundatum
357 3968 391 4037 t'n
421 3962 566 4036 conclavi
605 3960 782 4056 corporales
813 3962 958 4054 accipere
999 3954 1215 4054 disciplinas,
1247 3961 1334 4056 sane

118 4062 201 4144 ades
222 4084 338 4157 utres,
361 4075 398 4137 ut
419 4080 512 4139 cruor
533 4054 700 4154 aliquando
729 4058 835 4132 latera
853 4059 1097 4156 ejus-ungeret.
1146 4055 1337 4148 Ceterum,

674 4150 762 4234 Va
1243 4150 1341 4270 integt
1405 4265 1408 4271 Ι
