2976 4830
133 603 210 675 450
542 566 690 667 ranna
713 570 840 667 recres.
867 571 984 671 nfra.

145 755 275 835 cisranl
303 774 411 841 vero,
435 770 474 823 ur
498 750 584 822 hanc
610 753 888 846 praerogativam
917 752 980 825 soli
997 750 1180 828 rnneisco
1199 754 1263 831 suo
1280 751 1351 829 vin·

141 859 317 937 dicarent,
342 848 472 921 inficias
494 847 648 920 iverunt.
691 848 888 920 l'unlarunt
905 869 1026 922 aurern
1043 851 1115 924 sese
1132 848 1351 926 Dominicani

147 958 187 1030 in
211 949 423 1046 Rayrnundo
447 948 632 1038 Capuano,
658 943 866 1015 catharinae
883 943 1173 1036 conieffionario,
1199 970 1237 1020 er
1252 945 1351 1021 hillo·

147 1050 244 1136 rico,
281 1064 347 1117 nec
380 1064 449 1111 non
482 1040 536 1111 Pii
569 1039 614 1110 ll.
647 1039 759 1132 Papae
793 1038 1015 1128 restimonio,
1040 1044 1101 1137 qui
1127 1067 1204 1116 earn
1227 1038 1352 1116 Sanffir

147 1138 336 1236 adscripsit.
386 1139 455 1208 Sed
484 1133 680 1206 Minorirae
706 1156 725 1203 a
750 1135 852 1208 Sixto
881 1136 949 1208 lV.
973 1134 1201 1213 interdistum
1223 1142 1268 1211 de
1291 1138 1352 1210 vir·

148 1239 235 1341 gine
283 1255 362 1306 cnm
403 1230 621 1326 stigmatibus
650 1230 824 1324 pingenda
855 1236 1095 1327 inpetrarunt5
1125 1235 1221 1332 quod
1249 1251 1352 1307 tamen

152 1334 277 1450 postea
307 1324 435 1399 sullulir
461 1348 492 1397 a.
527 1333 624 1434 ¹483,
666 1326 759 1397 Dein
791 1327 950 1400 Clemens
979 1329 1081 1402 Vlll.
1106 1333 1250 1428 utrique
1271 1327 1353 1427 parti

151 1428 284 1509 rnuixit
306 1447 339 1497 a.
375 1443 479 1512 1599.
513 1420 697 1493 sslentlum.
748 1422 907 1496 Urbanus
936 1446 1023 1497 vero
1057 1426 1165 1499 Vlll.
1199 1424 1353 1501 Domini·

150 1547 257 1601 canor
287 1516 469 1607 defendit,
500 1537 538 1589 et
562 1515 722 1611 stigmata
748 1518 803 1589 illa
835 1519 1082 1608 confirmavit;
1114 1545 1185 1618 qua
1209 1521 1353 1609 rarione,

151 1619 233 1699 finis
267 1615 349 1688 huic
380 1610 632 1710 superstitiolire
663 1609 711 1683 liri
742 1608 813 1695 est,
845 1615 889 1686 ad
922 1614 1127 1690 incredibile
1160 1615 1353 1691 Serenum

147 1712 336 1821 gaudium,
360 1706 547 1806 inpositus,
571 1709 624 1780 uti
646 1725 758 1779 narrat
783 1707 904 1784 Frann
930 1710 1200 1807 Boninfigniue‚
1224 1713 1261 1786 in
1275 1732 1352 1785 trae·

154 1834 230 1887 ratu
255 1810 400 1881 italico:
424 1805 483 1878 sub
510 1803 580 1874 hoc
603 1803 723 1876 titulo:
747 1805 925 1897 triumphus
949 1805 1141 1912 stigmatum
1168 1811 1357 1882 Callatim

152 1900 313 1998 Senenfir.
373 1900 454 1974 Fuit
488 1918 595 1994 porro
623 1898 829 1992 reliquiarum
868 1897 1018 1975 studium
1050 1902 1355 1992 ferventiffimnrn,

148 2002 228 2080 'five
262 2000 307 2074 de
338 2018 435 2068 nouo
468 1991 599 2066 fuerint
632 1992 815 2081 inventae,
855 1993 928 2068 live
967 1996 1033 2071 alio
1063 1997 1261 2076 transsatae.
1308 2000 1360 2074 De

151 2102 226 2197 'quo
256 2090 458 2170 consulendi
487 2089 564 2162 sunt
590 2088 732 2161 Baronii
758 2091 1029 2168 continuaturer.
1077 2092 1275 2168 Suffecerit
1300 2118 1357 2168 no·

157 2193 253 2269 ealle.
291 2213 321 2263 r.
347 2188 476 2260 titulum
505 2185 617 2259 crucis
648 2183 857 2258 Dominicae
889 2183 988 2261 fuiffe
1021 2189 1161 2262 Rornae
1184 2190 1358 2263 inventurn

153 2292 238 2367 'curu
270 2283 498 2392 inscriptione
528 2278 587 2354 sub
618 2279 827 2353 Innocentio
846 2281 952 2354 Vlll.
983 2305 1015 2356 2.
1042 2284 1179 2358 Ferrum
1207 2288 1358 2373 lanceae,

155 2386 228 2484 'quo
256 2379 379 2452 Christi
407 2381 491 2449 larus
522 2374 588 2447 fuit
618 2374 827 2470 pedulium,
858 2377 973 2448 eidem
1001 2380 1113 2474 Papae
1140 2404 1160 2452 a
1186 2381 1360 2475 Bajazerlre

156 2480 204 2556 ll.
234 2477 390 2549 oblatum
420 2494 449 2543 a.
487 2491 591 2558 1492.
620 2468 742 2636 8⁰&
774 2489 889 2545 tamen
913 2472 1003 2544 idem
1031 2475 1235 2551 adservatur
1256 2473 1355 2549 Nuri-

156 2579 288 2667 bergae
311 2569 405 2642 inter
428 2566 591 2639 Caesarea
618 2587 653 2637 rn
670 2567 783 2660 ignia,
807 2564 881 2638 imo
903 2565 1007 2641 eriam
1026 2570 1182 2661 Parisiis,
1205 2573 1354 2646 dunarum

160 2665 343 2755 Lndnvico
375 2661 438 2734 lx.
480 2662 537 2733 De
561 2659 765 2734 Sanilorurn
790 2662 1105 2738 canonizationibus
1128 2667 1237 2740 eriam
1254 2667 1360 2739 verbo

158 2765 341 2849 absolvam.
382 2759 478 2830 lnrer
513 2756 712 2852 frequenter
743 2757 813 2830 hoc
846 2759 960 2831 seculo
1000 2763 1248 2837 memorabiler
1275 2763 1360 2848 lunt,

83 2926 88 2935 .
157 2855 361 2953 Bernardini
397 2852 554 2926 Senensis
580 2876 644 2948 per
667 2852 858 2926 Nicolaum
884 2853 953 2938 V.‚
980 2856 1189 2929 catharinae
1213 2854 1362 2934 senense

207 2983 222 3030 r
248 2956 348 3031 Pium
375 2952 443 3037 11.‚
469 2947 655 3022 Vincenrii
683 2947 829 3020 Ferrerii
853 2970 918 3043 per¹
939 2951 1111 3024 calixtum
1140 2953 1230 3037 111..
1256 2955 1361 3028 Bona·

159 3071 328 3134 venturae
368 3065 429 3136 per
475 3042 614 3117 Siarum
652 3044 742 3132 1v.‚
773 3044 847 3116 Leo
874 3043 940 3115 oldi
972 3045 1140 3120 Austriaci
1173 3072 1240 3144 per
1264 3050 1363 3123 nno·

158 3149 317 3229 'centium
336 3140 443 3211 Vlll.
468 3140 548 3211 Alia
572 3140 731 3232 exempla
753 3068 885 3235 opprio
907 3142 1015 3213 multa
1032 3143 1153 3216 lubens
1169 3163 1360 3237 praetereo.

204 3242 238 3347 ς.
266 3235 472 3312 CCCCVll.
500 3233 554 3306 nd
579 3240 663 3307 ritus
688 3257 774 3306 vero
791 3233 971 3330 religiosor
994 3239 1084 3332 quoi
1120 3237 1277 3329 adtinet,
1308 3258 1363 3313 nn·

160 3357 239 3419 ratu
260 3335 367 3432 digna
388 3327 441 3403 est
461 3333 575 3408 calicis
602 3326 639 3402 in
672 3328 876 3403 eucharistia
893 3329 1076 3405 snutrarrio
1092 3330 1228 3426 Laicis,
1258 3337 1362 3410 foleu-

164 3434 198 3511 ni
224 3419 367 3506 concilii
398 3424 669 3503 Constanriensrr
698 3427 843 3498 decrero
877 3424 947 3501 seff.
979 3428 1081 3500 Xlll.
1118 3427 1218 3522 cujus
1244 3433 1366 3505 sumne

155 3529 289 3615 habet,
314 3526 482 3620 sacrorum
512 3544 665 3594 canonum
699 3522 940 3610 auiluiturem,
971 3539 1004 3596 et
1027 3525 1227 3600 laudabilem
1250 3550 1290 3601 uc
1309 3522 1363 3601 οδ·

155 3622 327 3727 'probatam
344 3615 512 3708 Ecclesiae
535 3613 785 3709 consuetudinem
800 3614 958 3710 servare.
987 3623 1104 3714 quoda
1123 3621 1363 3717 conficientibus

140 3721 219 3829 ‘sub
247 3735 380 3811 utraque
402 3712 533 3807 speeie.
565 3728 597 3781 er
624 3712 739 3788 Laicis
763 3729 890 3786 tentum
913 3711 982 3808 sub
1006 3714 1110 3806 speeie
1143 3725 1241 3809 penis
1259 3716 1358 3809 sme-

160 3838 237 3906 m,
259 3817 304 3893 ad
325 3811 508 3889 evitandum
525 3807 634 3902 alique
648 3808 792 3901 pericula
815 3823 848 3880 et
859 3805 1046 3902 scandula:
1070 3809 1236 3903 additur,
1260 3807 1359 3889 ciiii

22 3950 26 3958 ·
157 3916 238 3999 'enm
268 3909 409 4010 quidem
438 3904 497 3981 sub
521 3923 667 3994 utraque
691 3905 809 4002 specie
840 3902 1041 3995 instituiffe,
1067 3925 1105 3977 et
1128 3908 1306 4010 auriquam
1329 3928 1362 3982 e

105 4031 108 4038 '
156 4013 249 4097 ‘tiam
269 4002 461 4093 obteruffe
485 3998 698 4100 Beneuen,
726 4001 809 4095 (ed.
827 3998 899 4082 lunc
923 4025 1000 4087 uun
1017 4000 1201 4102 obstante,
1235 4026 1373 4183 mm
