<?xml version="1.0" encoding="UTF-8"?>
<!DOCTYPE html PUBLIC "-//W3C//DTD XHTML 1.0 Transitional//EN"
    "http://www.w3.org/TR/xhtml1/DTD/xhtml1-transitional.dtd">
<html xmlns="http://www.w3.org/1999/xhtml" xml:lang="en" lang="en">
 <head>
  <title>
</title>
<meta http-equiv="Content-Type" content="text/html;charset=utf-8" />
  <meta name='ocr-system' content='tesseract 3.04.00' />
  <meta name='ocr-capabilities' content='ocr_page ocr_carea ocr_par ocr_line ocrx_word'/>
</head>
<body>
  <div class='ocr_page' id='page_1' title='image "./hermannivenemai00venegoog_0604.png"; bbox 0 0 3022 4806; ppageno 0'>
   <div class='ocr_carea' id='block_1_1' title="bbox 665 567 1485 678">
    <p class='ocr_par' dir='ltr' id='par_1_1' title="bbox 618 567 1485 678">
     <span class='ocr_line' id='line_1_1' title="bbox 665 567 1485 678; baseline -0.013 -35.596"><span class='ocrx_word' id='word_1_1' title='bbox 665 567 772 643; x_wconf 78' lang='lat' dir='ltr'>Secti.</span> <span class='ocrx_word' id='word_1_2' title='bbox 799 567 899 645; x_wconf 81' lang='lat' dir='ltr'><em>XVI.</em></span> <span class='ocrx_word' id='word_1_3' title='bbox 1059 601 1061 606; x_wconf 93' lang='lat'>·</span> <span class='ocrx_word' id='word_1_4' title='bbox 1318 581 1391 678; x_wconf 72' lang='lat'>599</span> <span class='ocrx_word' id='word_1_5' title='bbox 1477 604 1485 617; x_wconf 85' lang='lat'><strong>·</strong></span> 
     </span>
    </p>
   </div>
   <div class='ocr_carea' id='block_1_2' title="bbox 85 741 1506 3820">
    <p class='ocr_par' dir='ltr' id='par_1_2' title="bbox 158 741 1383 849">
     <span class='ocr_line' id='line_1_2' title="bbox 158 741 1383 849; baseline 0.01 -29"><span class='ocrx_word' id='word_1_6' title='bbox 158 742 243 822; x_wconf 82' lang='lat' dir='ltr'>suae</span> <span class='ocrx_word' id='word_1_7' title='bbox 266 741 436 843; x_wconf 80' lang='lat' dir='ltr'>infignem</span> <span class='ocrx_word' id='word_1_8' title='bbox 461 742 646 841; x_wconf 87' lang='lat' dir='ltr'>statorem,</span> <span class='ocrx_word' id='word_1_9' title='bbox 670 765 708 825; x_wconf 87' lang='lat' dir='ltr'>et</span> <span class='ocrx_word' id='word_1_10' title='bbox 731 743 1011 834; x_wconf 82' lang='lat' dir='ltr'>haeretieorum,</span> <span class='ocrx_word' id='word_1_11' title='bbox 1035 766 1076 820; x_wconf 88' lang='lat' dir='ltr'>ac</span> <span class='ocrx_word' id='word_1_12' title='bbox 1092 747 1383 849; x_wconf 74' lang='lat' dir='ltr'>Protenmnm,</span> 
     </span>
    </p>

    <p class='ocr_par' dir='ltr' id='par_1_3' title="bbox 107 839 1380 1042">
     <span class='ocr_line' id='line_1_3' title="bbox 155 839 1380 941; baseline 0.011 -24"><span class='ocrx_word' id='word_1_13' title='bbox 155 839 371 919; x_wconf 82' lang='lat' dir='ltr'>acerrimum</span> <span class='ocrx_word' id='word_1_14' title='bbox 411 845 680 941; x_wconf 85' lang='lat' dir='ltr'>persecutorem.</span> <span class='ocrx_word' id='word_1_15' title='bbox 729 847 786 920; x_wconf 84' lang='lat' dir='ltr'>Ex</span> <span class='ocrx_word' id='word_1_16' title='bbox 820 840 1035 917; x_wconf 78' lang='lat' dir='ltr'>Tridentinis</span> <span class='ocrx_word' id='word_1_17' title='bbox 1065 842 1218 920; x_wconf 79' lang='lat' dir='ltr'>decretis</span> <span class='ocrx_word' id='word_1_18' title='bbox 1250 853 1380 931; x_wconf 89' lang='lat' dir='ltr'>confici</span> 
     </span>
     <span class='ocr_line' id='line_1_4' title="bbox 107 936 1376 1042; baseline 0.01 -33"><span class='ocrx_word' id='word_1_19' title='bbox 107 957 110 960; x_wconf 75' lang='lat'><strong>·</strong></span> <span class='ocrx_word' id='word_1_20' title='bbox 151 937 251 1036; x_wconf 86' lang='lat' dir='ltr'>jussit</span> <span class='ocrx_word' id='word_1_21' title='bbox 292 936 570 1031; x_wconf 85' lang='lat' dir='ltr'>Catechismum,</span> <span class='ocrx_word' id='word_1_22' title='bbox 612 941 715 1017; x_wconf 88' lang='lat' dir='ltr'>titttso</span> <span class='ocrx_word' id='word_1_23' title='bbox 754 936 954 1014; x_wconf 81' lang='lat' dir='ltr'>catechismi</span> <span class='ocrx_word' id='word_1_24' title='bbox 993 937 1137 1013; x_wconf 83' lang='lat' dir='ltr'>Rotnani</span> <span class='ocrx_word' id='word_1_25' title='bbox 1166 941 1376 1042; x_wconf 78' lang='lat' dir='ltr'>insignitum.</span> 
     </span>
    </p>

    <p class='ocr_par' dir='ltr' id='par_1_4' title="bbox 160 1033 1377 1134">
     <span class='ocr_line' id='line_1_5' title="bbox 160 1033 1377 1134; baseline -0.002 -25"><span class='ocrx_word' id='word_1_26' title='bbox 160 1033 396 1130; x_wconf 78' lang='lat' dir='ltr'>Confirmatis</span> <span class='ocrx_word' id='word_1_27' title='bbox 419 1033 526 1109; x_wconf 87' lang='lat' dir='ltr'>etiam</span> <span class='ocrx_word' id='word_1_28' title='bbox 544 1042 741 1113; x_wconf 72' lang='lat' dir='ltr'>breviarium</span> <span class='ocrx_word' id='word_1_29' title='bbox 755 1035 897 1134; x_wconf 67' lang='lat' dir='ltr'>niffen,</span> <span class='ocrx_word' id='word_1_30' title='bbox 923 1055 960 1108; x_wconf 89' lang='lat' dir='ltr'>et</span> <span class='ocrx_word' id='word_1_31' title='bbox 975 1033 1118 1130; x_wconf 81' lang='lat' dir='ltr'>officiunt</span> <span class='ocrx_word' id='word_1_32' title='bbox 1136 1040 1293 1134; x_wconf 69' lang='lat' dir='ltr'>Moram,</span> <span class='ocrx_word' id='word_1_33' title='bbox 1323 1042 1377 1122; x_wconf 80' lang='lat' dir='ltr'>se.</span> 
     </span>
    </p>

    <p class='ocr_par' dir='ltr' id='par_1_5' title="bbox 154 1128 1371 1235">
     <span class='ocr_line' id='line_1_6' title="bbox 154 1128 1371 1235; baseline 0.013 -33"><span class='ocrx_word' id='word_1_34' title='bbox 154 1130 313 1206; x_wconf 88' lang='lat' dir='ltr'>cundum</span> <span class='ocrx_word' id='word_1_35' title='bbox 336 1128 479 1206; x_wconf 86' lang='lat' dir='ltr'>concisis</span> <span class='ocrx_word' id='word_1_36' title='bbox 503 1135 797 1209; x_wconf 87' lang='lat' dir='ltr'>emendationem.</span> <span class='ocrx_word' id='word_1_37' title='bbox 849 1133 1068 1219; x_wconf 85' lang='lat' dir='ltr'>Nonnussos,</span> <span class='ocrx_word' id='word_1_38' title='bbox 1096 1136 1152 1228; x_wconf 87' lang='lat' dir='ltr'>qui</span> <span class='ocrx_word' id='word_1_39' title='bbox 1174 1137 1371 1235; x_wconf 87' lang='lat' dir='ltr'>inquisitio·</span> 
     </span>
    </p>

    <p class='ocr_par' dir='ltr' id='par_1_6' title="bbox 158 1226 1370 1340">
     <span class='ocr_line' id='line_1_7' title="bbox 158 1226 1370 1340; baseline 0.009 -42"><span class='ocrx_word' id='word_1_40' title='bbox 158 1247 243 1298; x_wconf 87' lang='lat' dir='ltr'>nem</span> <span class='ocrx_word' id='word_1_41' title='bbox 264 1228 522 1340; x_wconf 85' lang='lat' dir='ltr'>adpelsaverant</span> <span class='ocrx_word' id='word_1_42' title='bbox 543 1226 650 1323; x_wconf 79' lang='lat' dir='ltr'>stram</span> <span class='ocrx_word' id='word_1_43' title='bbox 681 1235 715 1304; x_wconf 87' lang='lat' dir='ltr'>in</span> <span class='ocrx_word' id='word_1_44' title='bbox 749 1231 932 1304; x_wconf 84' lang='lat' dir='ltr'>Litteratos</span> <span class='ocrx_word' id='word_1_45' title='bbox 957 1227 1155 1321; x_wconf 63' lang='lat' dir='ltr'>dissessum,</span> <span class='ocrx_word' id='word_1_46' title='bbox 1179 1234 1221 1306; x_wconf 88' lang='lat' dir='ltr'>ad</span> <span class='ocrx_word' id='word_1_47' title='bbox 1245 1257 1370 1332; x_wconf 82' lang='lat' dir='ltr'>rogum</span> 
     </span>
    </p>

    <p class='ocr_par' dir='ltr' id='par_1_7' title="bbox 156 1319 1371 1421">
     <span class='ocr_line' id='line_1_8' title="bbox 156 1319 1371 1421; baseline 0.011 -26"><span class='ocrx_word' id='word_1_48' title='bbox 156 1319 359 1414; x_wconf 87' lang='lat' dir='ltr'>damnavtt,</span> <span class='ocrx_word' id='word_1_49' title='bbox 380 1322 469 1398; x_wconf 89' lang='lat' dir='ltr'>teste</span> <span class='ocrx_word' id='word_1_50' title='bbox 487 1324 642 1401; x_wconf 83' lang='lat' dir='ltr'>Theano</span> <span class='ocrx_word' id='word_1_51' title='bbox 657 1329 715 1402; x_wconf 89' lang='lat' dir='ltr'>sib.</span> <span class='ocrx_word' id='word_1_52' title='bbox 732 1327 921 1411; x_wconf 68' lang='lat' dir='ltr'>xxxtx„</span> <span class='ocrx_word' id='word_1_53' title='bbox 941 1324 1027 1397; x_wconf 89' lang='lat' dir='ltr'>inter</span> <span class='ocrx_word' id='word_1_54' title='bbox 1045 1348 1130 1421; x_wconf 87' lang='lat' dir='ltr'>quos</span> <span class='ocrx_word' id='word_1_55' title='bbox 1148 1328 1215 1403; x_wconf 89' lang='lat' dir='ltr'>suit</span> <span class='ocrx_word' id='word_1_56' title='bbox 1235 1332 1371 1421; x_wconf 80' lang='lat' dir='ltr'>Aonius</span> 
     </span>
    </p>

    <p class='ocr_par' dir='ltr' id='par_1_8' title="bbox 85 1417 1369 1618">
     <span class='ocr_line' id='line_1_9' title="bbox 154 1417 1367 1530; baseline 0.009 -36"><span class='ocrx_word' id='word_1_57' title='bbox 154 1418 352 1508; x_wconf 69' lang='lat' dir='ltr'>Pelendos,</span> <span class='ocrx_word' id='word_1_58' title='bbox 384 1417 439 1494; x_wconf 88' lang='lat' dir='ltr'>vir</span> <span class='ocrx_word' id='word_1_59' title='bbox 468 1422 599 1517; x_wconf 84' lang='lat' dir='ltr'>probus</span> <span class='ocrx_word' id='word_1_60' title='bbox 626 1443 666 1497; x_wconf 88' lang='lat' dir='ltr'>et</span> <span class='ocrx_word' id='word_1_61' title='bbox 698 1424 869 1498; x_wconf 86' lang='lat' dir='ltr'>eruditus:</span> <span class='ocrx_word' id='word_1_62' title='bbox 903 1421 1000 1514; x_wconf 83' lang='lat' dir='ltr'>cujus</span> <span class='ocrx_word' id='word_1_63' title='bbox 1027 1444 1100 1494; x_wconf 85' lang='lat' dir='ltr'>vrta</span> <span class='ocrx_word' id='word_1_64' title='bbox 1119 1425 1282 1530; x_wconf 26' lang='lat' dir='ltr'>&#39;praefixa</span> <span class='ocrx_word' id='word_1_65' title='bbox 1314 1430 1367 1506; x_wconf 87' lang='lat' dir='ltr'>est</span> 
     </span>
     <span class='ocr_line' id='line_1_10' title="bbox 85 1512 1369 1618; baseline 0.008 -30"><span class='ocrx_word' id='word_1_66' title='bbox 85 1596 99 1607; x_wconf 55' lang='lat'><em>,</em></span> <span class='ocrx_word' id='word_1_67' title='bbox 150 1512 305 1596; x_wconf 84' lang='lat' dir='ltr'>editioni</span> <span class='ocrx_word' id='word_1_68' title='bbox 328 1513 495 1615; x_wconf 82' lang='lat' dir='ltr'>Operum</span> <span class='ocrx_word' id='word_1_69' title='bbox 528 1516 602 1613; x_wconf 85' lang='lat' dir='ltr'>ejus</span> <span class='ocrx_word' id='word_1_70' title='bbox 634 1517 828 1596; x_wconf 82' lang='lat' dir='ltr'>Amstesod.</span> <span class='ocrx_word' id='word_1_71' title='bbox 859 1541 889 1592; x_wconf 81' lang='lat' dir='ltr'>a.</span> <span class='ocrx_word' id='word_1_72' title='bbox 919 1523 1043 1607; x_wconf 84' lang='lat'><strong>1696.‚</strong></span> <span class='ocrx_word' id='word_1_73' title='bbox 1072 1520 1127 1591; x_wconf 85' lang='lat' dir='ltr'>ttbt</span> <span class='ocrx_word' id='word_1_74' title='bbox 1152 1522 1268 1618; x_wconf 86' lang='lat' dir='ltr'>inpius</span> <span class='ocrx_word' id='word_1_75' title='bbox 1291 1525 1369 1604; x_wconf 86' lang='lat' dir='ltr'>Pius</span> 
     </span>
    </p>

    <p class='ocr_par' dir='ltr' id='par_1_9' title="bbox 85 1607 1506 1804">
     <span class='ocr_line' id='line_1_11' title="bbox 153 1607 1506 1712; baseline 0.01 -28"><span class='ocrx_word' id='word_1_76' title='bbox 153 1607 251 1688; x_wconf 82' lang='lat' dir='ltr'>vivit</span> <span class='ocrx_word' id='word_1_77' title='bbox 279 1610 482 1712; x_wconf 82' lang='lat' dir='ltr'>depingitur</span> <span class='ocrx_word' id='word_1_78' title='bbox 503 1614 691 1692; x_wconf 82' lang='lat' dir='ltr'>coloribus.</span> <span class='ocrx_word' id='word_1_79' title='bbox 739 1616 827 1689; x_wconf 91' lang='lat' dir='ltr'>Vid.</span> <span class='ocrx_word' id='word_1_80' title='bbox 852 1613 956 1686; x_wconf 85' lang='lat' dir='ltr'>etiam</span> <span class='ocrx_word' id='word_1_81' title='bbox 981 1613 1186 1691; x_wconf 81' lang='lat' dir='ltr'>Schesstorn.</span> <span class='ocrx_word' id='word_1_82' title='bbox 1214 1620 1365 1700; x_wconf 78' lang='lat' dir='ltr'>simoen.</span> <span class='ocrx_word' id='word_1_83' title='bbox 1499 1668 1506 1675; x_wconf 82' lang='lat'><em>-</em></span> 
     </span>
     <span class='ocr_line' id='line_1_12' title="bbox 85 1706 1366 1804; baseline 0.006 -22"><span class='ocrx_word' id='word_1_84' title='bbox 85 1719 90 1727; x_wconf 84' lang='grc'><strong>“</strong></span> <span class='ocrx_word' id='word_1_85' title='bbox 151 1706 266 1782; x_wconf 84' lang='lat' dir='ltr'>litter.</span> <span class='ocrx_word' id='word_1_86' title='bbox 301 1728 387 1786; x_wconf 85' lang='lat' dir='ltr'>tom.</span> <span class='ocrx_word' id='word_1_87' title='bbox 418 1708 448 1784; x_wconf 81' lang='lat'>1.</span> <span class='ocrx_word' id='word_1_88' title='bbox 480 1709 767 1786; x_wconf 81' lang='lat' dir='ltr'>Maximisianum</span> <span class='ocrx_word' id='word_1_89' title='bbox 798 1711 867 1798; x_wconf 83' lang='lat' dir='ltr'>tt,</span> <span class='ocrx_word' id='word_1_90' title='bbox 893 1706 951 1804; x_wconf 88' lang='lat' dir='ltr'>qni</span> <span class='ocrx_word' id='word_1_91' title='bbox 974 1707 1247 1788; x_wconf 79' lang='lat' dir='ltr'>Protestantibns</span> <span class='ocrx_word' id='word_1_92' title='bbox 1272 1719 1366 1789; x_wconf 90' lang='lat' dir='ltr'>vose·</span> 
     </span>
    </p>

    <p class='ocr_par' dir='ltr' id='par_1_10' title="bbox 150 1801 1366 1894">
     <span class='ocr_line' id='line_1_13' title="bbox 150 1801 1366 1894; baseline -0.006 -12"><span class='ocrx_word' id='word_1_93' title='bbox 150 1807 218 1882; x_wconf 74' lang='lat' dir='ltr'>bat</span> <span class='ocrx_word' id='word_1_94' title='bbox 246 1804 443 1881; x_wconf 78' lang='lat' dir='ltr'>libertatem</span> <span class='ocrx_word' id='word_1_95' title='bbox 473 1804 577 1888; x_wconf 78' lang='lat' dir='ltr'>dare.</span> <span class='ocrx_word' id='word_1_96' title='bbox 600 1805 778 1882; x_wconf 81' lang='lat' dir='ltr'>deterrere</span> <span class='ocrx_word' id='word_1_97' title='bbox 802 1825 947 1880; x_wconf 84' lang='lat' dir='ltr'>conatus</span> <span class='ocrx_word' id='word_1_98' title='bbox 971 1801 1040 1888; x_wconf 83' lang='lat' dir='ltr'>est,</span> <span class='ocrx_word' id='word_1_99' title='bbox 1065 1804 1237 1894; x_wconf 86' lang='lat' dir='ltr'>inperiose</span> <span class='ocrx_word' id='word_1_100' title='bbox 1262 1809 1366 1888; x_wconf 71' lang='lat' dir='ltr'>dissi.</span> 
     </span>
    </p>

    <p class='ocr_par' dir='ltr' id='par_1_11' title="bbox 138 1896 1365 3820">
     <span class='ocr_line' id='line_1_14' title="bbox 150 1896 1365 2018; baseline -0.003 -45"><span class='ocrx_word' id='word_1_101' title='bbox 150 1917 251 2014; x_wconf 68' lang='lat' dir='ltr'>tana,</span> <span class='ocrx_word' id='word_1_102' title='bbox 266 1896 309 1998; x_wconf 81' lang='lat' dir='ltr'>se</span> <span class='ocrx_word' id='word_1_103' title='bbox 333 1903 369 1975; x_wconf 86' lang='lat' dir='ltr'>id</span> <span class='ocrx_word' id='word_1_104' title='bbox 391 1901 477 2016; x_wconf 77' lang='lat' dir='ltr'>nesso</span> <span class='ocrx_word' id='word_1_105' title='bbox 501 1903 588 2013; x_wconf 70' lang='lat' dir='ltr'>mede</span> <span class='ocrx_word' id='word_1_106' title='bbox 607 1901 853 2018; x_wconf 59' lang='lat' dir='ltr'>permiffitrttnm</span> <span class='ocrx_word' id='word_1_107' title='bbox 877 1922 934 1974; x_wconf 84' lang='lat' dir='ltr'>nec</span> <span class='ocrx_word' id='word_1_108' title='bbox 961 1900 1057 1972; x_wconf 75' lang='lat' dir='ltr'>ullius</span> <span class='ocrx_word' id='word_1_109' title='bbox 1082 1901 1244 1997; x_wconf 81' lang='lat' dir='ltr'>Principis</span> <span class='ocrx_word' id='word_1_110' title='bbox 1263 1905 1365 2002; x_wconf 67' lang='lat' dir='ltr'>secu.</span> 
     </span>
     <span class='ocr_line' id='line_1_15' title="bbox 147 1992 1364 2202; baseline -0.002 -25"><span class='ocrx_word' id='word_1_111' title='bbox 147 1992 331 2177; x_wconf 58' lang='lat' dir='ltr'>eiiiiff‘</span> <span class='ocrx_word' id='word_1_112' title='bbox 339 1992 1045 2194; x_wconf 50' lang='lat' dir='ltr'>nstiizitiiisifiiiii‘stsissss</span> <span class='ocrx_word' id='word_1_113' title='bbox 1070 1997 1364 2202; x_wconf 46' lang='lat' dir='ltr'>dissidii</span> 
     </span>
     <span class='ocr_line' id='line_1_16' title="bbox 147 2185 1356 2286; baseline 0.002 -19"><span class='ocrx_word' id='word_1_114' title='bbox 147 2186 361 2267; x_wconf 80' lang='lat' dir='ltr'>sententiam</span> <span class='ocrx_word' id='word_1_115' title='bbox 386 2189 485 2280; x_wconf 81' lang='lat' dir='ltr'>tulit,</span> <span class='ocrx_word' id='word_1_116' title='bbox 509 2208 547 2264; x_wconf 89' lang='lat' dir='ltr'>et</span> <span class='ocrx_word' id='word_1_117' title='bbox 571 2188 726 2266; x_wconf 86' lang='lat' dir='ltr'>subditos</span> <span class='ocrx_word' id='word_1_118' title='bbox 747 2217 766 2267; x_wconf 89' lang='lat' dir='ltr'>a</span> <span class='ocrx_word' id='word_1_119' title='bbox 778 2191 978 2286; x_wconf 80' lang='lat' dir='ltr'>juramento</span> <span class='ocrx_word' id='word_1_120' title='bbox 1001 2185 1178 2264; x_wconf 82' lang='lat' dir='ltr'>fidesttans</span> <span class='ocrx_word' id='word_1_121' title='bbox 1193 2193 1356 2270; x_wconf 81' lang='lat' dir='ltr'>absolvit.</span> 
     </span>
     <span class='ocr_line' id='line_1_17' title="bbox 146 2281 1362 2462; baseline -0.008 -102"><span class='ocrx_word' id='word_1_122' title='bbox 146 2283 331 2361; x_wconf 71' lang='lat' dir='ltr'>famosam</span> <span class='ocrx_word' id='word_1_123' title='bbox 353 2283 447 2359; x_wconf 88' lang='lat' dir='ltr'>issam</span> <span class='ocrx_word' id='word_1_124' title='bbox 473 2284 617 2376; x_wconf 84' lang='lat' dir='ltr'>bessam,</span> <span class='ocrx_word' id='word_1_125' title='bbox 640 2288 675 2362; x_wconf 90' lang='lat' dir='ltr'>in</span> <span class='ocrx_word' id='word_1_126' title='bbox 698 2311 796 2363; x_wconf 83' lang='lat' dir='ltr'>coena</span> <span class='ocrx_word' id='word_1_127' title='bbox 820 2284 952 2358; x_wconf 79' lang='lat' dir='ltr'>Domini</span> <span class='ocrx_word' id='word_1_128' title='bbox 976 2281 1124 2394; x_wconf 69' lang='lat' dir='ltr'>distem,</span> <span class='ocrx_word' id='word_1_129' title='bbox 1151 2284 1231 2398; x_wconf 77' lang='lat' dir='ltr'>quia</span> <span class='ocrx_word' id='word_1_130' title='bbox 1247 2287 1362 2462; x_wconf 55' lang='lat' dir='ltr'>stupu.</span> 
     </span>
     <span class='ocr_line' id='line_1_18' title="bbox 145 2377 1364 2480; baseline 0.002 -20"><span class='ocrx_word' id='word_1_131' title='bbox 145 2377 192 2460; x_wconf 79' lang='lat' dir='ltr'>li·</span> <span class='ocrx_word' id='word_1_132' title='bbox 214 2382 314 2458; x_wconf 83' lang='lat' dir='ltr'>annis</span> <span class='ocrx_word' id='word_1_133' title='bbox 337 2379 397 2456; x_wconf 92' lang='lat' dir='ltr'>die</span> <span class='ocrx_word' id='word_1_134' title='bbox 421 2382 524 2478; x_wconf 84' lang='lat' dir='ltr'>Jovis</span> <span class='ocrx_word' id='word_1_135' title='bbox 549 2381 667 2458; x_wconf 73' lang='lat' dir='ltr'>saneto</span> <span class='ocrx_word' id='word_1_136' title='bbox 690 2382 726 2457; x_wconf 94' lang='lat' dir='ltr'>in</span> <span class='ocrx_word' id='word_1_137' title='bbox 748 2402 859 2457; x_wconf 84' lang='lat' dir='ltr'>coena</span> <span class='ocrx_word' id='word_1_138' title='bbox 883 2382 1026 2456; x_wconf 86' lang='lat' dir='ltr'>Domtnt</span> <span class='ocrx_word' id='word_1_139' title='bbox 1051 2381 1263 2480; x_wconf 85' lang='lat' dir='ltr'>praesegttnr</span> <span class='ocrx_word' id='word_1_140' title='bbox 1324 2413 1364 2462; x_wconf 84' lang='lat' dir='ltr'>o·</span> 
     </span>
     <span class='ocr_line' id='line_1_19' title="bbox 144 2476 1361 2574; baseline 0.007 -22"><span class='ocrx_word' id='word_1_141' title='bbox 144 2497 245 2567; x_wconf 84' lang='lat' dir='ltr'>mae,</span> <span class='ocrx_word' id='word_1_142' title='bbox 271 2476 431 2574; x_wconf 77' lang='lat' dir='ltr'>vulgavit</span> <span class='ocrx_word' id='word_1_143' title='bbox 455 2497 580 2553; x_wconf 87' lang='lat' dir='ltr'>contra</span> <span class='ocrx_word' id='word_1_144' title='bbox 604 2476 800 2552; x_wconf 81' lang='lat' dir='ltr'>haereticos</span> <span class='ocrx_word' id='word_1_145' title='bbox 826 2501 896 2552; x_wconf 91' lang='lat' dir='ltr'>non</span> <span class='ocrx_word' id='word_1_146' title='bbox 921 2496 1076 2566; x_wconf 85' lang='lat' dir='ltr'>tantum,</span> <span class='ocrx_word' id='word_1_147' title='bbox 1100 2478 1157 2553; x_wconf 90' lang='lat' dir='ltr'>sed</span> <span class='ocrx_word' id='word_1_148' title='bbox 1183 2501 1221 2553; x_wconf 89' lang='lat' dir='ltr'>et</span> <span class='ocrx_word' id='word_1_149' title='bbox 1238 2506 1361 2561; x_wconf 82' lang='lat' dir='ltr'>omnes</span> 
     </span>
     <span class='ocr_line' id='line_1_20' title="bbox 141 2569 1358 2684; baseline 0.006 -34"><span class='ocrx_word' id='word_1_150' title='bbox 141 2572 311 2672; x_wconf 83' lang='lat' dir='ltr'>Papalem</span> <span class='ocrx_word' id='word_1_151' title='bbox 352 2569 643 2684; x_wconf 71' lang='lat' dir='ltr'>omnipotentiam</span> <span class='ocrx_word' id='word_1_152' title='bbox 676 2595 748 2648; x_wconf 88' lang='lat' dir='ltr'>non</span> <span class='ocrx_word' id='word_1_153' title='bbox 777 2574 1023 2671; x_wconf 83' lang='lat' dir='ltr'>agnoscentes,</span> <span class='ocrx_word' id='word_1_154' title='bbox 1049 2595 1196 2671; x_wconf 88' lang='lat' dir='ltr'>eamque</span> <span class='ocrx_word' id='word_1_155' title='bbox 1229 2579 1358 2675; x_wconf 87' lang='lat' dir='ltr'>ubique</span> 
     </span>
     <span class='ocr_line' id='line_1_21' title="bbox 140 2666 1357 2770; baseline 0 -24"><span class='ocrx_word' id='word_1_156' title='bbox 140 2687 184 2746; x_wconf 83' lang='lat' dir='ltr'>et</span> <span class='ocrx_word' id='word_1_157' title='bbox 217 2668 352 2766; x_wconf 82' lang='lat' dir='ltr'>semper</span> <span class='ocrx_word' id='word_1_158' title='bbox 384 2668 547 2744; x_wconf 86' lang='lat' dir='ltr'>obstnere</span> <span class='ocrx_word' id='word_1_159' title='bbox 580 2668 701 2745; x_wconf 83' lang='lat' dir='ltr'>voluit.</span> <span class='ocrx_word' id='word_1_160' title='bbox 749 2666 849 2770; x_wconf 82' lang='lat' dir='ltr'>Quae</span> <span class='ocrx_word' id='word_1_161' title='bbox 879 2668 967 2744; x_wconf 86' lang='lat' dir='ltr'>bulla</span> <span class='ocrx_word' id='word_1_162' title='bbox 998 2690 1122 2763; x_wconf 84' lang='lat' dir='ltr'>graves</span> <span class='ocrx_word' id='word_1_163' title='bbox 1156 2667 1253 2746; x_wconf 78' lang='lat' dir='ltr'>natta</span> <span class='ocrx_word' id='word_1_164' title='bbox 1285 2673 1357 2768; x_wconf 82' lang='lat' dir='ltr'>est,</span> 
     </span>
     <span class='ocr_line' id='line_1_22' title="bbox 140 2762 1360 2878; baseline -0.002 -33"><span class='ocrx_word' id='word_1_165' title='bbox 140 2765 361 2878; x_wconf 78' lang='lat' dir='ltr'>inscriptos</span> <span class='ocrx_word' id='word_1_166' title='bbox 392 2785 530 2863; x_wconf 84' lang='lat' dir='ltr'>quoqne</span> <span class='ocrx_word' id='word_1_167' title='bbox 563 2765 745 2878; x_wconf 77' lang='lat' dir='ltr'>Cathosico</span> <span class='ocrx_word' id='word_1_168' title='bbox 763 2769 959 2870; x_wconf 73' lang='lat' dir='ltr'>Romanor,</span> <span class='ocrx_word' id='word_1_169' title='bbox 999 2762 1290 2870; x_wconf 60' lang='lat' dir='ltr'>comessationes,</span> <span class='ocrx_word' id='word_1_170' title='bbox 1324 2789 1360 2843; x_wconf 89' lang='lat' dir='ltr'>et</span> 
     </span>
     <span class='ocr_line' id='line_1_23' title="bbox 138 2855 1357 3062; baseline -0.002 -27"><span class='ocrx_word' id='word_1_171' title='bbox 138 2855 1357 3062; x_wconf 44' lang='lat' dir='ltr'>sss”siserrsssssssssss‘ss‘rssssssssfsr[Nesse</span> 
     </span>
     <span class='ocr_line' id='line_1_24' title="bbox 139 3048 1354 3150; baseline -0.002 -18"><span class='ocrx_word' id='word_1_172' title='bbox 139 3053 235 3132; x_wconf 74' lang='lat' dir='ltr'>Ebur</span> <span class='ocrx_word' id='word_1_173' title='bbox 266 3055 305 3130; x_wconf 89' lang='lat' dir='ltr'>itt</span> <span class='ocrx_word' id='word_1_174' title='bbox 332 3051 470 3148; x_wconf 79' lang='lat' dir='ltr'>arcibus</span> <span class='ocrx_word' id='word_1_175' title='bbox 495 3069 532 3125; x_wconf 85' lang='lat' dir='ltr'>et</span> <span class='ocrx_word' id='word_1_176' title='bbox 558 3052 714 3128; x_wconf 82' lang='lat' dir='ltr'>saedibttr</span> <span class='ocrx_word' id='word_1_177' title='bbox 738 3049 826 3139; x_wconf 85' lang='lat' dir='ltr'>seir,</span> <span class='ocrx_word' id='word_1_178' title='bbox 857 3048 988 3144; x_wconf 86' lang='lat' dir='ltr'>populo</span> <span class='ocrx_word' id='word_1_179' title='bbox 1010 3069 1099 3121; x_wconf 87' lang='lat' dir='ltr'>vero</span> <span class='ocrx_word' id='word_1_180' title='bbox 1125 3071 1163 3122; x_wconf 89' lang='lat' dir='ltr'>tn</span> <span class='ocrx_word' id='word_1_181' title='bbox 1195 3049 1354 3150; x_wconf 88' lang='lat' dir='ltr'>Tempsis</span> 
     </span>
     <span class='ocr_line' id='line_1_25' title="bbox 140 3139 1354 3244; baseline -0.003 -18"><span class='ocrx_word' id='word_1_182' title='bbox 140 3145 364 3239; x_wconf 76' lang='lat' dir='ltr'>subornauit,</span> <span class='ocrx_word' id='word_1_183' title='bbox 405 3145 497 3223; x_wconf 83' lang='lat' dir='ltr'>sacra</span> <span class='ocrx_word' id='word_1_184' title='bbox 531 3146 638 3223; x_wconf 85' lang='lat' dir='ltr'>libere</span> <span class='ocrx_word' id='word_1_185' title='bbox 675 3169 780 3243; x_wconf 79' lang='lat' dir='ltr'>agere</span> <span class='ocrx_word' id='word_1_186' title='bbox 818 3144 992 3239; x_wconf 87' lang='lat' dir='ltr'>integrum</span> <span class='ocrx_word' id='word_1_187' title='bbox 1025 3139 1132 3231; x_wconf 80' lang='lat' dir='ltr'>esser,</span> <span class='ocrx_word' id='word_1_188' title='bbox 1172 3144 1260 3243; x_wconf 80' lang='lat' dir='ltr'>Papa</span> <span class='ocrx_word' id='word_1_189' title='bbox 1290 3173 1354 3244; x_wconf 82' lang='lat' dir='ltr'>per</span> 
     </span>
     <span class='ocr_line' id='line_1_26' title="bbox 144 3235 1354 3337; baseline 0.001 -16"><span class='ocrx_word' id='word_1_190' title='bbox 144 3240 287 3330; x_wconf 80' lang='lat' dir='ltr'>Guisiot</span> <span class='ocrx_word' id='word_1_191' title='bbox 314 3241 433 3320; x_wconf 89' lang='lat' dir='ltr'>omnia</span> <span class='ocrx_word' id='word_1_192' title='bbox 457 3243 620 3318; x_wconf 84' lang='lat' dir='ltr'>caedibus</span> <span class='ocrx_word' id='word_1_193' title='bbox 639 3241 808 3337; x_wconf 82' lang='lat' dir='ltr'>replevit3</span> <span class='ocrx_word' id='word_1_194' title='bbox 834 3241 971 3337; x_wconf 83' lang='lat' dir='ltr'>Regem</span> <span class='ocrx_word' id='word_1_195' title='bbox 994 3235 1077 3314; x_wconf 89' lang='lat' dir='ltr'>dein</span> <span class='ocrx_word' id='word_1_196' title='bbox 1106 3238 1142 3311; x_wconf 91' lang='lat' dir='ltr'>in</span> <span class='ocrx_word' id='word_1_197' title='bbox 1160 3241 1354 3322; x_wconf 78' lang='lat' dir='ltr'>Protestao·</span> 
     </span>
     <span class='ocr_line' id='line_1_27' title="bbox 142 3330 1354 3434; baseline -0.002 -17"><span class='ocrx_word' id='word_1_198' title='bbox 142 3330 202 3418; x_wconf 72' lang='lat' dir='ltr'>rtis</span> <span class='ocrx_word' id='word_1_199' title='bbox 227 3338 410 3416; x_wconf 84' lang='lat' dir='ltr'>incitatum</span> <span class='ocrx_word' id='word_1_200' title='bbox 436 3336 573 3434; x_wconf 83' lang='lat' dir='ltr'>adjuvit</span> <span class='ocrx_word' id='word_1_201' title='bbox 604 3359 727 3414; x_wconf 89' lang='lat' dir='ltr'>contra</span> <span class='ocrx_word' id='word_1_202' title='bbox 751 3335 970 3412; x_wconf 88' lang='lat' dir='ltr'>Ludovicum</span> <span class='ocrx_word' id='word_1_203' title='bbox 994 3333 1202 3412; x_wconf 83' lang='lat' dir='ltr'>Condacum.</span> <span class='ocrx_word' id='word_1_204' title='bbox 1253 3340 1354 3416; x_wconf 83' lang='lat' dir='ltr'>Prae·</span> 
     </span>
     <span class='ocr_line' id='line_1_28' title="bbox 139 3431 1353 3532; baseline -0.002 -19"><span class='ocrx_word' id='word_1_205' title='bbox 139 3457 238 3513; x_wconf 83' lang='lat' dir='ltr'>oerea</span> <span class='ocrx_word' id='word_1_206' title='bbox 267 3434 393 3511; x_wconf 82' lang='lat' dir='ltr'>soednr</span> <span class='ocrx_word' id='word_1_207' title='bbox 424 3431 574 3523; x_wconf 86' lang='lat' dir='ltr'>sacrum,</span> <span class='ocrx_word' id='word_1_208' title='bbox 607 3438 696 3531; x_wconf 79' lang='lat' dir='ltr'>signe</span> <span class='ocrx_word' id='word_1_209' title='bbox 717 3433 857 3532; x_wconf 70' lang='lat' dir='ltr'>sardae</span> <span class='ocrx_word' id='word_1_210' title='bbox 897 3432 1041 3505; x_wconf 90' lang='lat' dir='ltr'>nomine</span> <span class='ocrx_word' id='word_1_211' title='bbox 1079 3451 1223 3523; x_wconf 89' lang='lat' dir='ltr'>norum,</span> <span class='ocrx_word' id='word_1_212' title='bbox 1256 3436 1353 3516; x_wconf 85' lang='lat' dir='ltr'>inter</span> 
     </span>
     <span class='ocr_line' id='line_1_29' title="bbox 139 3524 1349 3636; baseline -0.013 -26"><span class='ocrx_word' id='word_1_213' title='bbox 139 3527 344 3631; x_wconf 78' lang='lat' dir='ltr'>Philippum</span> <span class='ocrx_word' id='word_1_214' title='bbox 377 3528 571 3629; x_wconf 86' lang='lat' dir='ltr'>Hispaniae</span> <span class='ocrx_word' id='word_1_215' title='bbox 593 3553 737 3627; x_wconf 84' lang='lat' dir='ltr'>regern,</span> <span class='ocrx_word' id='word_1_216' title='bbox 760 3548 798 3604; x_wconf 92' lang='lat' dir='ltr'>et</span> <span class='ocrx_word' id='word_1_217' title='bbox 820 3528 982 3603; x_wconf 90' lang='lat' dir='ltr'>Carolum</span> <span class='ocrx_word' id='word_1_218' title='bbox 1004 3524 1093 3636; x_wconf 71' lang='lat' dir='ltr'>1X&#39;2</span> <span class='ocrx_word' id='word_1_219' title='bbox 1121 3525 1253 3606; x_wconf 74' lang='lat' dir='ltr'>cassiae</span> <span class='ocrx_word' id='word_1_220' title='bbox 1276 3534 1349 3609; x_wconf 86' lang='lat' dir='ltr'>Re.</span> 
     </span>
     <span class='ocr_line' id='line_1_30' title="bbox 142 3620 1348 3729; baseline -0.001 -27"><span class='ocrx_word' id='word_1_221' title='bbox 142 3649 252 3729; x_wconf 66' lang='lat' dir='ltr'>gem,</span> <span class='ocrx_word' id='word_1_222' title='bbox 274 3629 320 3704; x_wconf 89' lang='lat' dir='ltr'>de</span> <span class='ocrx_word' id='word_1_223' title='bbox 336 3623 507 3725; x_wconf 81' lang='lat' dir='ltr'>religione</span> <span class='ocrx_word' id='word_1_224' title='bbox 526 3624 733 3703; x_wconf 85' lang='lat' dir='ltr'>Tridentina</span> <span class='ocrx_word' id='word_1_225' title='bbox 748 3620 952 3711; x_wconf 84' lang='lat' dir='ltr'>adserenda,</span> <span class='ocrx_word' id='word_1_226' title='bbox 968 3639 1128 3720; x_wconf 80' lang='lat' dir='ltr'>peperit,</span> <span class='ocrx_word' id='word_1_227' title='bbox 1154 3626 1246 3700; x_wconf 90' lang='lat' dir='ltr'>unde</span> <span class='ocrx_word' id='word_1_228' title='bbox 1264 3626 1348 3701; x_wconf 87' lang='lat' dir='ltr'>hor·</span> 
     </span>
     <span class='ocr_line' id='line_1_31' title="bbox 141 3715 1350 3820; baseline -0.005 -18"><span class='ocrx_word' id='word_1_229' title='bbox 141 3720 260 3803; x_wconf 82' lang='lat' dir='ltr'>ribisis</span> <span class='ocrx_word' id='word_1_230' title='bbox 287 3722 346 3800; x_wconf 86' lang='lat' dir='ltr'>illa</span> <span class='ocrx_word' id='word_1_231' title='bbox 494 3721 552 3810; x_wconf 81' lang='lat' dir='ltr'>dia</span> <span class='ocrx_word' id='word_1_232' title='bbox 583 3746 646 3818; x_wconf 87' lang='lat' dir='ltr'>per</span> <span class='ocrx_word' id='word_1_233' title='bbox 670 3720 825 3820; x_wconf 82' lang='lat' dir='ltr'>Besgium</span> <span class='ocrx_word' id='word_1_234' title='bbox 847 3736 929 3793; x_wconf 87' lang='lat' dir='ltr'>nata</span> <span class='ocrx_word' id='word_1_235' title='bbox 953 3715 1017 3792; x_wconf 88' lang='lat' dir='ltr'>est.</span> <span class='ocrx_word' id='word_1_236' title='bbox 1065 3718 1177 3793; x_wconf 83' lang='lat' dir='ltr'>Furor</span> <span class='ocrx_word' id='word_1_237' title='bbox 1197 3721 1350 3818; x_wconf 79' lang='lat' dir='ltr'>denique</span> 
     </span>
    </p>
   </div>
   <div class='ocr_carea' id='block_1_3' title="bbox 106 3809 1352 4196">
    <p class='ocr_par' dir='ltr' id='par_1_12' title="bbox 106 3809 1352 4196">
     <span class='ocr_line' id='line_1_32' title="bbox 146 3809 1349 3921; baseline -0.002 -25"><span class='ocrx_word' id='word_1_238' title='bbox 146 3818 301 3921; x_wconf 84' lang='lat' dir='ltr'>eousque</span> <span class='ocrx_word' id='word_1_239' title='bbox 316 3840 426 3919; x_wconf 85' lang='lat' dir='ltr'>proce</span> <span class='ocrx_word' id='word_1_240' title='bbox 452 3838 498 3908; x_wconf 87' lang='lat' dir='ltr'>rt,</span> <span class='ocrx_word' id='word_1_241' title='bbox 522 3838 561 3894; x_wconf 89' lang='lat' dir='ltr'>ut</span> <span class='ocrx_word' id='word_1_242' title='bbox 578 3817 737 3910; x_wconf 86' lang='lat' dir='ltr'>Carolus,</span> <span class='ocrx_word' id='word_1_243' title='bbox 760 3814 881 3891; x_wconf 84' lang='lat' dir='ltr'>Infans</span> <span class='ocrx_word' id='word_1_244' title='bbox 897 3809 1110 3912; x_wconf 79' lang='lat' dir='ltr'>Hispaniae,</span> <span class='ocrx_word' id='word_1_245' title='bbox 1135 3813 1216 3912; x_wconf 88' lang='lat' dir='ltr'>quia</span> <span class='ocrx_word' id='word_1_246' title='bbox 1231 3817 1349 3916; x_wconf 84' lang='lat' dir='ltr'>Belgis</span> 
     </span>
     <span class='ocr_line' id='line_1_33' title="bbox 143 3907 1347 4006; baseline -0.006 -11"><span class='ocrx_word' id='word_1_247' title='bbox 143 3915 332 3994; x_wconf 80' lang='lat' dir='ltr'>videbator</span> <span class='ocrx_word' id='word_1_248' title='bbox 354 3912 493 4004; x_wconf 85' lang='lat' dir='ltr'>favere,</span> <span class='ocrx_word' id='word_1_249' title='bbox 517 3911 553 3989; x_wconf 89' lang='lat' dir='ltr'>in</span> <span class='ocrx_word' id='word_1_250' title='bbox 578 3936 756 3991; x_wconf 85' lang='lat' dir='ltr'>carcerem</span> <span class='ocrx_word' id='word_1_251' title='bbox 779 3936 799 3988; x_wconf 87' lang='lat' dir='ltr'>a</span> <span class='ocrx_word' id='word_1_252' title='bbox 829 3912 929 3986; x_wconf 88' lang='lat' dir='ltr'>Patre</span> <span class='ocrx_word' id='word_1_253' title='bbox 951 3907 1150 4006; x_wconf 64' lang='lat' dir='ltr'>conjesium</span> <span class='ocrx_word' id='word_1_254' title='bbox 1176 3928 1214 3984; x_wconf 89' lang='lat' dir='ltr'>et</span> <span class='ocrx_word' id='word_1_255' title='bbox 1239 3934 1347 3989; x_wconf 89' lang='lat' dir='ltr'>vene·</span> 
     </span>
     <span class='ocr_line' id='line_1_34' title="bbox 106 4003 1352 4196; baseline -0.014 -99"><span class='ocrx_word' id='word_1_256' title='bbox 106 4056 111 4062; x_wconf 95' lang='lat'>·</span> <span class='ocrx_word' id='word_1_257' title='bbox 137 4032 193 4096; x_wconf 72' lang='lat' dir='ltr'>ne</span> <span class='ocrx_word' id='word_1_258' title='bbox 221 4007 411 4094; x_wconf 72' lang='lat' dir='ltr'>annno</span> <span class='ocrx_word' id='word_1_259' title='bbox 432 4007 496 4115; x_wconf 80' lang='lat' dir='ltr'>fir,</span> <span class='ocrx_word' id='word_1_260' title='bbox 527 4008 585 4090; x_wconf 78' lang='lat' dir='ltr'>etti</span> <span class='ocrx_word' id='word_1_261' title='bbox 605 4005 974 4196; x_wconf 49' lang='lat' dir='ltr'>satonffiwm</span> <span class='ocrx_word' id='word_1_262' title='bbox 995 4008 1043 4087; x_wconf 85' lang='lat' dir='ltr'>ob</span> <span class='ocrx_word' id='word_1_263' title='bbox 1065 4004 1201 4123; x_wconf 67' lang='lat' dir='ltr'>musam</span> <span class='ocrx_word' id='word_1_264' title='bbox 1227 4003 1352 4193; x_wconf 55' lang='lat' dir='ltr'>suebcurpi</span> 
     </span>
    </p>
   </div>
   <div class='ocr_carea' id='block_1_4' title="bbox 0 0 1516 4806">
    <p class='ocr_par' dir='ltr' id='par_1_13' title="bbox 0 0 1516 4806">
     <span class='ocr_line' id='line_1_35' title="bbox 0 0 1516 4806; baseline 0 8"><span class='ocrx_word' id='word_1_265' title='bbox 0 0 1516 4806; x_wconf 95' lang='lat' dir='ltr'> </span> 
     </span>
    </p>
   </div>
  </div>
 </body>
</html>
