3022 4806
126 569 200 658 42⁶
507 542 813 647 Historiassctsefi
831 544 951 646 arist.

135 755 238 826 iaia,
271 750 309 806 et
341 744 497 803 errorum
519 724 594 820 ejus
615 727 872 800 concinnarunt
895 724 1134 824 catalogum.;.
1149 723 1252 799 inoer
1270 750 1352 825 quot
1376 792 1389 803 ,,

133 840 236 921 sunt,
261 829 366 901 solita
389 822 606 915 scripturam
629 821 665 895 S.
683 820 752 894 else
770 815 853 893 fidei
867 841 1045 909 normam,
1073 821 1265 896 Ecclesiam
1283 846 1350 899 aaa

134 932 206 1006 effe
242 917 480 1005 infallibilem,
512 917 726 989 subtlaatiam
760 938 858 1009 pansa
884 917 922 987 itt
955 916 1167 990 eucharistia
1191 940 1351 1007 manete,

139 1014 433 1117 indulgentiarum
467 1013 596 1085 nullum
629 1012 701 1083 else
725 1031 901 1105 pretium,
925 1011 1099 1103 Spiritum
1121 1013 1157 1085 S.
1183 1035 1234 1087 ex
1254 1016 1351 1087 Patre

136 1124 252 1216 mgis
284 1135 386 1208 quam
420 1108 510 1180 silio
533 1105 747 1202 procedere,
778 1123 848 1178 etc.
882 1104 1142 1194 contrusistis,
1168 1108 1350 1203 utigneio

139 1220 328 1293 evaderet,
354 1202 564 1297 palinodiam
582 1223 719 1274 canere.
770 1200 858 1273 Vid.
867 1196 1055 1296 fasciculas
1069 1206 1209 1276 citatus.
1227 1203 1350 1296 Julian*

137 1323 311 1387 nestero
343 1294 526 1389 Wiffelas,
561 1300 608 1368 ob
639 1293 834 1369 doslrinam
866 1299 1105 1393 etpietasem
1137 1296 1253 1373 diebus
1275 1298 1350 1371 Lar

140 1403 271 1487 manill,
295 1395 364 1466 suit
392 1395 658 1485 Groniugantis,
684 1392 742 1485 qui
771 1388 975 1486 Groaingae
997 1413 1037 1464 et
1062 1391 1217 1465 Swollae
1242 1394 1349 1489 liuga-

65 1534 68 1539 ·
139 1524 196 1575 un
219 1491 401 1577 Latinam,
425 1484 484 1559 sed
507 1487 670 1558 Coloniae
695 1486 866 1559 Graecam
889 1506 930 1557 ac
954 1487 1181 1571 Hebraea,
1209 1488 1349 1578 didicit,

141 1593 225 1669 dein
256 1582 387 1660 Parisiis
415 1581 527 1678 magis
557 1581 725 1655 excoluit.
774 1577 1047 1675 Heidelbesgarn
1071 1581 1115 1653 ad
1144 1582 1350 1657 Catliedram

24 1689 29 1699 ’
142 1680 403 1776 Theologicain
435 1695 596 1765 vocatus,
628 1699 674 1749 eo
707 1677 849 1771 quidem
880 1674 1056 1770 professus
1088 1673 1160 1761 est,
1198 1677 1257 1750 sed
1280 1701 1352 1753 cum

146 1782 299 1871 steologi‘
332 1793 466 1848 careret
498 1774 622 1857 titulo,
656 1793 697 1841 ea
730 1793 802 1843 non
835 1765 888 1842 est
910 1774 1060 1865 potitus.
1094 1787 1206 1866 quare
1230 1775 1353 1849 litterar

147 1901 185 1953 et
211 1868 468 1964 Philosophiam
501 1864 550 1939 ibi
601 1863 745 1938 rosellus
765 1862 835 1951 est,
865 1864 1028 1961 simulque
1051 1865 1207 1959 purioris
1231 1869 1353 1945 danii·
1394 1950 1397 1956 ,

152 1997 218 2051 nae
245 1963 372 2043 semina
398 1961 509 2059 jecit;
532 1889 604 2033 vii
631 1960 751 2056 Alting
776 1959 854 2033 bist.
881 1960 1011 2035 Eccles.
1038 1960 1200 2042 Palatio..
1237 1966 1295 2039 ubi
1314 1964 1353 2039 ad

148 2071 227 2165 ejus
251 2064 383 2137 calcem
415 2057 577 2131 nonnulla
601 2077 739 2151 quoque
761 2055 805 2128 de
829 2055 905 2150 ipso
928 2058 1082 2129 notanda
1107 2056 1249 2148 pst-fert
1271 2062 1355 2139 Clas.

153 2161 270 2238 ssintlr
294 2158 332 2232 ia
360 2159 448 2230 brevi
469 2149 602 2245 lillori'a
621 2150 856 2245 reformationis
876 2151 1078 2245 cirringis,
1101 2150 1239 2247 aliquot
1253 2155 1355 2229 etiam

147 2263 222 2347 ejus
256 2251 462 2345 discipulos,
497 2269 532 2318 et
559 2248 594 2319 ia
624 2249 766 2339 puriore
799 2245 955 2320 dosbina
985 2250 1170 2339 sequaces,
1201 2251 1355 2322 recenset

145 2376 211 2452 per
239 2347 419 2441 regionem
455 2341 735 2429 G-roninganatn,
768 2343 857 2411 unde
886 2343 1075 2433 primordia
1104 2340 1356 2418 reformationis

148 2444 301 2543 petenda
320 2442 405 2509 sont.
433 2438 566 2507 Laurea
584 2435 900 2528 vero'slieolagica
918 2438 1084 2529 deinceps
1100 2460 1244 2512 ornatas
1260 2464 1352 2535 prae·

148 2540 238 2617 stitit
266 2530 335 2604 sese
353 2529 782 2633 Coloniaeoconcionando
799 2532 1085 2612 celeberrimum,
1113 2536 1261 2606 maxime
1275 2557 1352 2607 cuni

148 2631 354 2729 puriorem,
383 2649 403 2698 a
434 2624 549 2695 multis
584 2624 759 2696 erroribus
795 2645 830 2696 et
864 2624 1167 2718 superstitionibus
1194 2629 1359 2703 Ecclesiae

147 2723 357 2808 Pontificiae
388 2739 587 2816 purgatam,
627 2721 805 2809 evulgiret
844 2720 1058 2795 diisirinatn:
1092 2724 1192 2815 cnjus
1236 2725 1357 2799 sumina

150 2826 337 2905 exhibetur
363 2816 399 2890 in
421 2813 592 2910 effigiebus
617 2831 648 2886 rt
672 2820 751 2888 oiti‘s
776 2815 987 2908 Profiffiiiaiit
1011 2819 1209 2890 Academiae
1227 2823 1358 2894 Gratim

147 2944 267 3025 gaitae.
332 2917 486 2997 Tenuit,
526 2934 583 2984 ex.
617 2934 692 3006 gn,
734 2914 871 2984 unicam
903 2911 985 2983 fidei
1020 2933 1057 2983 et
1089 2916 1361 2990 vitaenormam

151 3016 220 3091 esse
239 3011 452 3105 scripturam
472 3007 496 3078 S
519 3060 529 3094 ,
554 3006 779 3092 traditiones,
804 3029 969 3095 canones,
988 3027 1045 3079 aut
1067 3009 1190 3103 scripta
1206 3013 1363 3100 Parrum,

150 3111 193 3186 ad
221 3131 297 3181 eam
330 3105 423 3176 nullo
452 3102 563 3172 modo
583 3104 777 3196 pertinere:
814 3101 982 3174 coliium
1011 3103 1118 3176 solum
1143 3105 1217 3177 esse
1242 3106 1364 3181 media·

151 3225 287 3293 torem,
313 3221 381 3272 non
404 3198 577 3293 Angelos,
599 3217 658 3268 aut
678 3194 879 3269 desunsbos:
907 3197 1081 3291 justificari
1099 3200 1285 3276 hominem
1306 3222 1364 3298 per

152 3299 282 3384 fidem,
308 3316 380 3369 nort
395 3315 456 3387 per
475 3314 600 3384 opera,
628 3289 913 3366 satisfactionibus
931 3293 1081 3386 propriis
1099 3293 1262 3386 iij-:elisi
1291 3298 1365 3371 mis·

150 3395 221 3471 sam
244 3389 313 3465 esse
340 3385 566 3462 eucharistiae
591 3386 891 3479 profanationem
916 3389 1144 3482 indulgentias
1170 3392 1243 3464 else.
1268 3393 1364 3467 sinto·

152 3490 270 3564 aiacas
308 3482 596 3569 nundinationes3
632 3486 865 3578 purgatorium
898 3484 967 3557 esse
994 3507 1260 3575 continentum
1284 3492 1366 3564 Osa·

152 3583 266 3663 tiones
291 3602 358 3675 pro
380 3575 553 3649 definitis
576 3576 808 3662 elle2inanes3
833 3579 1036 3676 conjugium
1060 3579 1273 3657 cleric-:irum
1298 3584 1368 3659 else

151 3681 304 3759 licitunu
330 3673 458 3747 nullum
486 3666 553 3741 esse
578 3673 688 3762 Papae
715 3670 920 3761 primatum,
950 3676 1071 3765 Papini
1093 3673 1197 3748 eti-sin
1215 3700 1250 3750 et
1266 3680 1364 3751 Prae·

152 3781 239 3856 latos
256 3770 329 3866 ‚esse
356 3764 610 3849 antichristos,
643 3765 772 3862 siquid
799 3769 907 3836 verbo
934 3770 1002 3840 Dei
1030 3770 1367 3848 contrariantsanci·

154 3893 233 3959 ant:
265 3863 350 3942 nihil
375 3860 558 3933 nocentius
583 3856 651 3930 else
677 3858 849 3939 Ecclesiae
872 3887 972 3956 quain
1000 3866 1121 3937 nimias
1148 3890 1257 3961 opes,
1280 3868 1371 3945 nihil

75 4022 82 4033 -
153 3964 349 4065 corruptius
373 3955 527 4051 moribus
550 3955 768 4039 Clericotttsn
786 3972 854 4036 etc
908 3958 1033 4059 Quae,
1056 3979 1093 4035 et
1110 3984 1263 4062 quorum
1277 3964 1374 4071 fimi·

1325 4061 1376 4150 lta
