3022 4806
652 622 762 706 recor
786 595 869 709 XV.
960 619 967 637 '
1293 625 1371 737 46?

138 806 314 885 bonorum
340 805 517 883 Ecclesiae
540 802 770 904 dilapidator,
794 829 834 888 et
856 808 1010 887 morem
1026 798 1118 886 male
1133 800 1364 894 administrati

138 926 240 999 reus,
269 925 451 1004 praeterea
480 904 643 1001 peliimae
677 908 775 982 uitae
806 925 845 982 et
871 931 1033 1001 morum,
1064 908 1363 1007 deniquucontu‘

135 1020 218 1095 max
260 1020 296 1075 et
332 1001 592 1100 incorrigibilia.
651 1002 784 1078 Addita
827 1005 969 1102 quidem
1010 1008 1173 1103 sequente
1214 1006 1359 1081 ieffiorre

136 1099 218 1172 lunt
241 1098 409 1191 crimina,
432 1099 496 1195 ipfi
521 1096 681 1195 inpacta,
707 1120 745 1173 ut
766 1103 862 1198 quod
887 1102 1086 1174 Alexandro
1104 1103 1155 1180 V.
1183 1107 1358 1199 paraverit

136 1213 339 1286 venenum,
370 1216 408 1269 et
440 1193 727 1269 resurredlionem
750 1219 792 1271 ac
816 1198 925 1270 uitam
951 1218 1130 1272 aeternam
1156 1199 1359 1294 negaverit,

136 1289 199 1363 sed
222 1297 369 1390 probata
392 1310 462 1366 non
486 1289 576 1366 sunt.
625 1293 792 1366 Articulis
816 1312 906 1366 uero
933 1293 975 1364 ad
998 1292 1109 1389 ipsum
1137 1292 1278 1385 delatis,
1304 1311 1359 1369 ru·

138 1386 302 1485 spondit,
334 1388 424 1478 uolo,
456 1389 536 1483 quud
561 1392 730 1462 concilium
752 1387 801 1482 fit
827 1386 967 1483 defenfio
990 1412 1083 1480 nita,
1106 1393 1187 1483 quod
1205 1390 1281 1487 scio
1306 1414 1359 1466 rr·
1391 1392 1398 1399 ”

134 1507 217 1560 rure
240 1509 300 1560 non
322 1482 426 1580 puffi,
451 1506 508 1558 nec
531 1487 601 1556 alia
624 1488 833 1580 qualicunque
865 1483 1044 1579 defenstone
1075 1491 1126 1560 uri
1149 1488 1228 1562 rulo.
1272 1489 1359 1561 Pro·

136 1579 235 1656 misit
267 1603 424 1679 quoque,
458 1579 528 1652 sese
555 1582 748 1654 lententiae
773 1583 908 1675 Synodi
940 1581 1180 1678 praestiturum
1197 1580 1358 1680 obsequi·

136 1701 223 1764 um,
247 1700 393 1773 eamque
419 1676 702 1750 confirmatorum
726 1677 807 1751 effe.
856 1678 1008 1775 Quando
1038 1681 1175 1750 tandem
1201 1678 1360 1774 perrexit

136 1775 302 1870 Synodua
335 1773 475 1846 leilione
498 1773 681 1845 duodecima
703 1774 746 1844 ad
770 1773 876 1866 ipsam
905 1772 1162 1869 depositionem
1187 1775 1359 1868 Johannit
1394 1770 1402 1779 ’

136 1871 369 1956 xxr11.,ob
404 1868 513 1940 modo
537 1888 729 1942 memorata
753 1870 923 1957 crimina,
950 1870 1158 1942 sententiam
1185 1869 1265 1941 tulit
1291 1895 1357 1964 pu·

138 1968 271 2044 blicam
296 1965 362 2038 hac
388 1967 433 2037 de
464 1986 524 2051 re,
549 1983 588 2035 et
613 1961 656 2036 ad
682 1965 878 2060 Jobannem
901 1963 1009 2038 misit:
1035 1966 1096 2058 qui
1121 1987 1199 2036 eam
1228 1965 1354 2039 habuit

136 2083 269 2151 ratam,
294 2079 330 2131 et
355 2057 584 2133 Pontificatus
608 2058 738 2152 insigne
760 2061 936 2155 deposuit.
984 2063 1112 2133 Secuta
1139 2059 1189 2131 est
1207 2059 1353 2134 reinone

136 2162 266 2242 decima
298 2171 414 2250 quartu
446 2153 619 2229 abdicatio
651 2157 798 2251 Gregorii
825 2156 929 2244 xil,
961 2178 1062 2250 quam
1088 2173 1125 2225 et
1149 2155 1223 2247 ipse
1247 2154 1356 2248 fecit,

139 2259 202 2332 sed
244 2253 280 2326 in
311 2253 468 2325 manibus
497 2251 708 2344 sigismundi
742 2250 912 2346 Augusti,
943 2272 980 2322 et
1009 2270 1079 2322 nun
1103 2250 1256 2340 Synodi:
1282 2274 1354 2343 quo

140 2351 208 2426 fini
234 2346 406 2446 praesedit
429 2347 465 2421 in
493 2347 672 2442 principio
696 2345 955 2444 Sigismundus,
981 2363 1017 2416 et
1046 2346 1109 2416 hac
1135 2345 1270 2418 ratione
1289 2349 1358 2418 Le·

140 2445 218 2544 gati
243 2447 353 2540 Papae
377 2444 610 2553 adprobatum
628 2463 726 2532 eam,
751 2459 787 2514 et
805 2445 984 2541 Synodum
1001 2440 1270 2531 confirmarunt,
1296 2465 1360 2516 no·

138 2542 239 2619 mine
262 2539 441 2636 Gregorii.
494 2536 573 2634 Qua
605 2537 827 2612 abdicatione
867 2539 1054 2612 rolenniter
1080 2537 1240 2634 peracta,
1274 2539 1357 2612 Car·

138 2637 276 2716 dinaler
309 2637 384 2733 ejus
411 2631 639 2708 obedientiae
664 2632 826 2726 edmissi,
856 2653 895 2707 et
927 2632 1069 2730 reliquia
1092 2633 1234 2707 adunati
1261 2634 1354 2713 sunt.

140 2738 322 2811 Praeterea
362 2732 541 2804 decretum
574 2729 646 2823 est,
689 2753 820 2805 nouum
853 2731 1001 2827 Papam,
1042 2727 1155 2801 stante
1190 2731 1354 2824 synodo,

140 2825 321 3002 nondupisr
354 2849 435 2901 cum
466 2827 599 2922 Synodi
634 2823 885 2903 deliberatione
916 2845 953 2900 et
980 2821 1151 2898 consensu
1159 2877 1170 2913 ,
1203 2823 1274 2898 elie
1296 2827 1358 2900 eli·

185 2949 209 3002 n
295 2979 305 2998 .

133 2948 224 3131 3⁶5·
250 3018 506 3101 CCCCXXIV.
540 3015 597 3091 nd
624 3015 851 3101 uenenum,
880 3012 939 3111 qui
964 3011 1052 3088 solua
1075 3012 1272 3110 supererat,
1296 3016 1360 3093 dc·

142 3137 243 3195 creta
267 3116 318 3188 est
342 3116 487 3188 serlione
518 3113 763 3211 decimosexto
786 3108 923 3186 illustris
952 3110 1102 3207 legatio,
1128 3133 1163 3186 m
1189 3136 1256 3209 qua
1282 3113 1359 3213 pri·

142 3225 217 3292 mar
241 3210 355 3287 tenuit
376 3209 449 3306 ipse
474 3211 729 3306 Sigismundua,
753 3227 793 3282 ut
812 3209 855 3282 ad
882 3205 1142 3280 abdicationem
1166 3231 1359 3304 permove-

142 3333 252 3390 retur.
283 3303 403 3407 'Quor
431 3325 577 3379 conatus
601 3329 682 3382 cum
708 3305 815 3380 variis
839 3303 967 3377 artibus
991 3304 1171 3376 deluderet
1194 3306 1361 3381 ambitio·
1423 3345 1425 3347 ·

144 3408 203 3484 ins
232 3408 342 3501 Papa,
377 3402 469 3475 inter
493 3400 769 3498 sigismundum,
795 3421 875 3474 cum
904 3399 1048 3495 reliquia
1070 3398 1214 3495 legatia,
1240 3423 1277 3476 et
1305 3404 1358 3488 0⁶2

144 3525 277 3581 ratores
302 3499 438 3595 Regum
463 3498 699 3591 arragoniae,
732 3497 937 3583 Narrare,
957 3513 995 3566 et
1018 3492 1199 3584 cruetroe,
1223 3516 1262 3572 et
1286 3500 1358 3574 Cu·

145 3606 271 3679 mitum
297 3595 385 3668 Furi
410 3613 447 3665 et
479 3591 700 3682 Armeniaci,
725 3592 783 3690 qui
808 3589 1000 3666 Benedidlo
1028 3589 1212 3687 parebant,
1240 3606 1362 3672 certor

142 3703 186 3778 in
212 3691 377 3768 articulos
399 3687 448 3764 erl
474 3691 744 3778 concordatum
768 3696 877 3784 eaque
898 3687 1035 3762 rarione
1062 3685 1235 3763 terrentia
1249 3691 1360 3788 depol

145 3792 305 3878 fitronir,
331 3785 474 3861 seffione
497 3783 664 3881 rrrgrfirna
676 3784 842 3882 septima,
867 3780 906 3858 in
931 3803 1011 3858 eum
1034 3781 1086 3858 est
1114 3786 1182 3860 lata
1205 3791 1248 3861 ac
1263 3798 1362 3956 pauo

144 3887 334 3974 nunciata,
370 3903 528 3977 tanquam
561 3882 597 3954 in
629 3883 825 3981 perjurum,
849 3877 1046 3958 universum
1067 3879 1241 3957 Ecclelire
1277 3895 1360 3958 care

146 3989 284 4074 dalum,
308 3980 497 4056 schismatis
520 3976 711 4068 fautorem,
738 3995 776 4051 et
801 3979 897 4073 pacit
920 3980 1150 4067 turbatorem,
1165 3976 1360 4052 seminaria

148 4103 236 4162 cum
261 4096 299 4155 et
317 4073 557 4172 bertericum,
578 4074 726 4254 quipp&
735 4071 875 4152 articuli
895 4071 1002 4171 fidei,
1023 4069 1368 4250 mserum&-

194 4220 216 4234 -·
733 4188 842 4251 nna
1295 4192 1369 4268 cara
