2976 4830
118 592 193 679 392
528 555 677 661 maen
697 558 829 661 Eccles.
855 558 975 662 (ltili.

172 753 208 854 ς.
235 737 498 823 CCCXLVIII.
531 738 592 812 De
631 743 706 817 vita
744 758 784 814 et
814 745 958 815 maribus
990 737 1172 819 Ecclefiae
1209 738 1353 817 taum

121 847 244 1029 paucis
268 839 417 933 defungi
442 852 591 930 potero,
617 858 700 907 cum
723 858 883 913 omnium
909 859 979 909 una
1002 836 1238 926 sueritvox,
1263 858 1352 925 eam,

177 967 230 1017 tes
257 941 293 1012 in
319 956 451 1028 genere
475 926 741 1015 confiteretur,
766 930 870 1005 luille
891 935 931 1005 in
955 930 1083 1026 Capite
1109 953 1152 1005 et
1178 934 1353 1006 Membrit

124 1031 437 1133 corruptissimam,
462 1047 527 1119 per
552 1048 678 1099 omues
700 1027 855 1099 Ordines
880 1047 920 1100 et
950 1024 1080 1115 statur,
1113 1027 1280 1123 adeoque
1303 1048 1352 1100 re·

124 1132 373 1217 formationem
407 1126 472 1193 hac
506 1142 608 1216 patre
638 1121 708 1193 elle
742 1121 987 1211 neceslariam,
1016 1143 1084 1196 nec
1109 1120 1352 1219 longe-abesse

128 1232 240 1333 porse,
291 1220 370 1319 Qua
401 1220 448 1290 de
479 1238 520 1289 re
551 1214 718 1312 legendus
750 1221 897 1292 omnino
922 1215 974 1289 est
997 1216 1205 1291 Durantiur
1229 1219 1349 1293 Mima-

132 1322 240 1405 reuste
269 1318 414 1413 junior,
439 1314 483 1384 ab
516 1311 584 1416 alio
616 1313 852 1408 cognomine,
876 1311 1098 1407 speculatore
1130 1312 1250 1405 dicto,
1282 1315 1350 1389 Mi·

117 1415 280 1500 mareoli
304 1430 443 1505 quoque
467 1407 662 1503 Episcopo,
687 1411 748 1502 qui
767 1409 883 1481 seculo
902 1407 1083 1502 superiore
1100 1404 1253 1497 floruit,
1275 1434 1349 1506 pro·

129 1524 179 1597 be
213 1502 498 1599 dillinguendur,
531 1501 600 1577 suit
629 1499 724 1575 euim
754 1505 829 1576 e'ur
858 1525 989 1597 nepot,
1012 1521 1052 1576 et
1081 1502 1123 1575 in
1148 1503 1349 1601 Episcopatu

131 1602 316 1691 successor.
367 1598 532 1673 Interfuit
564 1598 717 1672 concilio
787 1598 937 1671 renuenti
970 1596 1032 1669 sub
1058 1598 1153 1692 Papa
1180 1600 1350 1674 Clemente

135 1707 213 1791 v.,
244 1700 364 1793 ibique
397 1696 537 1790 publice
570 1694 733 1767 recitavit
768 1694 949 1766 traciarum
975 1691 1075 1767 suum
1099 1694 1147 1766 de
1170 1701 1260 1770 modu
1279 1701 1349 1769 cele·

138 1799 257 1883 muudi
299 1794 426 1866 concilii
459 1792 650 1875 Generalis,
685 1787 777 1881 jussu
810 1786 1000 1863 Clementis
1029 1789 1290 1886 compnlitum,
1315 1794 1348 1866 in

167 1921 212 1973 uo
247 1891 457 1984 singulorum
488 1883 660 1959 Ordinum
684 1883 791 1972 vitia,
822 1886 861 1958 in
883 1883 1006 1977 primm
1034 1885 1299 1962 Monacborum
1316 1908 1348 1961 et

139 1926 370 2079 §acerdotum
394 1980 589 2081 ignaviam,
613 1976 812 2068 libidinem,
836 1998 873 2051 et
898 1977 1094 2066 luxuriam,
1117 1980 1218 2058 vivii
1239 1982 1350 2079 depin-

143 2094 197 2196 git
226 2083 429 2169 coloribus,
462 2097 501 2153 et
531 2078 658 2151 acerbe
690 2074 902 2171 perstringit.
958 2076 994 2146 T
995 2072 1150 2149 metatus
1180 2075 1234 2153 est
1263 2080 1350 2153 varie

142 2189 280 2270 editur,
306 2175 386 2277 ejus
404 2199 448 2249 ue
477 2177 642 2250 summam
671 2172 818 2246 exhibet
846 2170 1021 2263 Caralogus
1050 2171 1190 2267 testium
1213 2175 1351 2249 enitatis

143 2288 204 2373 lib.
238 2276 341 2351 XVI.
380 2202 558 2345 qsellatur
578 2290 716 2378 quoque
741 2268 927 2339 decadem
951 2270 1211 2371 depravatione
1233 2270 1352 2343 libellut

144 2382 191 2461 de
208 2375 374 2447 aetatibus
390 2362 576 2451 Ecclessae,
604 2365 689 2437 tbrd.
708 2360 916 2451 recensitus,
939 2360 998 2435 ltb.
1017 2361 1188 2455 XVllL,
1210 2386 1350 2438 necnon

146 2467 359 2561 colloquiunt
382 2460 475 2533 inter
494 2456 738 2543 Fredericum,
764 2458 901 2530 Siciliae
919 2457 1083 2551 Regem,
1108 2479 1147 2532 et
1171 2460 1346 2535 Arnaldum

147 2571 195 2647 de
218 2561 314 2638 Villa
337 2555 445 2630 Nova
468 2553 576 2643 ibid,
608 2553 701 2648 quod
725 2575 770 2624 eo
794 2553 928 2639 tendit,
955 2573 993 2624 ut
1016 2553 1208 2628 Frederiuu
1228 2552 1347 2628 erima-

150 2683 211 2740 tur
246 2652 416 2731 dubitatio
448 2648 492 2722 de
525 2647 673 2721 veritate
695 2646 878 2742 religionis
903 2645 1146 2740 Christianae,
1167 2646 1243 2723 inde
1260 2668 1351 2735 orta,

153 2754 250 2859 ¹(pund
280 2750 363 2826 nulli
392 2769 462 2821 non
495 2746 648 2821 Ordines
669 2743 777 2818 client
803 2741 1037 2830 insuliillimi,
1062 2765 1106 2817 ac
1133 2745 1273 2820 nimium
1293 2742 1354 2818 df·

151 2860 284 2937 tormer
308 2841 511 2939 Euangelio.
559 2844 733 2916 calamum
752 2861 891 2936 quoque
906 2838 1033 2911 acriter
1050 2837 1199 2915 strinxit
1212 2843 1249 2916 in
1264 2838 1354 2916 Ordi-

152 2976 219 3032 nes
248 2944 498 3023 mendicantes.
540 2935 754 3033 conquestus
779 2956 918 3029 quoque
941 2933 1015 3028 ipse
1040 2935 1136 3029 Papa
1160 2934 1352 3011 Benediilur

155 3049 241 3131 Xll.
264 3040 316 3116 est
341 3041 379 3116 in
405 3034 505 3131 epist.
531 3034 574 3107 ad
598 3033 790 3129 Capitulum
816 3030 1048 3102 Narbonense
1073 3030 1170 3126 apud
1192 3032 1351 3106 Buuuun

156 3138 309 3220 Miscell.
342 3137 364 3209 l.
398 3132 446 3206 Il.
477 3132 522 3203 de
554 3129 644 3201 Cleri
676 3124 912 3201 Narbonensis
944 3129 1201 3220 corruptione,
1227 3127 1353 3203 sicutet

157 3229 423 3317 ClemenaVI.‚
448 3224 710 3308 Monachorum
733 3217 1009 3295 mendicantium
1032 3220 1169 3295 causam
1185 3219 1352 3321 agent,in

158 3331 251 3413 Cleri
276 3329 363 3403 vitia
384 3320 543 3397 inteilus
570 3318 645 3405 est,
669 3318 790 3390 dicens
813 3315 903 3386 inter
927 3316 1013 3402 alia,
1029 3314 1065 3407 st
1081 3335 1230 3392 tacerent
1253 3316 1353 3392 merli·

164 3447 298 3514 cautes,
329 3427 457 3518 quinam
486 3419 709 3511 praedicarent
739 3405 928 3507 pupulul’st
956 3414 995 3483 de
1026 3414 1218 3487 huruilirate
1245 3415 1354 3508 praeli

161 3526 339 3608 inieritis,
362 3518 403 3591 ad
420 3513 573 3587 Clericus
590 3511 783 3583 sermonem
802 3528 960 3595 vertens,
979 3507 1117 3603 inquit,
1136 3533 1192 3583 ror
1206 3506 1356 3606 estir,st·

158 3648 218 3724 prr
241 3642 346 3692 omues
367 3611 482 3706 status
507 3609 632 3694 munii,
658 3607 787 3696 magni,
802 3602 958 3697 superbi,
981 3617 1013 3677 et
1038 3605 1142 3690 elati,
1170 3623 1202 3678 et
1216 3601 1353 3701 pumpil:

162 3719 192 3812 fi
225 3718 262 3789 de
294 3722 501 3806 paupertare,
534 3725 589 3775 vor
614 3698 690 3795 estis
715 3701 820 3791 tnagis
843 3715 975 3771 tenaces
997 3716 1031 3770 er
1053 3700 1181 3794 cupidi,
1208 3706 1288 3776 unde
1308 3721 1355 3774 rur

163 3818 247 3897 uotis
267 3801 443 3906 sufficiunt
466 3821 570 3870 ornnes
592 3797 813 3886 praebendae,
836 3808 868 3865 er
894 3794 1050 3889 beneficia
1073 3799 1205 3885 mundi,
1220 3796 1257 3889 ſs
1274 3816 1356 3892 prue-

163 3911 282 3989 dirutit
306 3904 344 3975 de
376 3896 547 3989 castitate,
580 3893 617 3962 de
637 3894 694 3967 luc
717 3908 878 3980 racemus,
913 3895 989 3982 quia
1011 3891 1103 3965 Deus
1116 3890 1208 3981 scir,
1231 3896 1356 3986 quatur

159 4011 292 4116 quilibet
322 3998 393 4098 agit
423 4010 493 4068 etc.
525 3985 611 4065 Vid.
638 3985 864 4063 continuator
887 3983 1024 4083 Naugii
1048 3988 1087 4069 iu
1120 3984 1359 4158 spicilegchoa·

722 4126 725 4133 '
1294 4102 1362 4157 eme
