3022 4806
139 600 211 697 3⁰⁶
527 575 679 675 Hssorio
700 576 826 674 Ecclos.
854 580 965 677 Citriss.

140 772 256 857 nicus,
277 763 369 852 sive,
388 758 480 857 quud
498 760 569 867 sese
584 782 622 832 eu
640 759 776 832 ratione
792 758 939 856 gratiam
958 760 1075 855 rope
1088 754 1150 835 ubi
1165 754 1368 837 concidere

143 865 242 967 posse
264 858 479 940 crednerit,
513 862 601 942 nvo,
630 875 667 926 ut
692 878 732 927 ea
752 854 931 929 occatione
956 854 1205 943 Normannor,
1229 854 1293 927 fibi
1317 855 1362 928 in

142 984 256 1057 regno
273 955 511 1051 Neapolitano
539 972 576 1021 et
601 950 717 1023 Siculo
740 952 979 1039 adversantes,
1011 952 1196 1045 subigeret.
1242 948 1360 1023 Diviii

142 1079 231 1133 vero
265 1054 343 1127 funt
376 1046 533 1121 Cruciati-
563 1046 699 1119 intres
731 1067 862 1120 turmas
893 1052 951 1119 i'eu
974 1052 1177 1134 exercitur,
1210 1069 1362 1140 quorum

145 1155 218 1227 duo
244 1171 325 1224 cum
352 1147 513 1248 Ducibus
536 1165 598 1236 per
616 1140 750 1247 diversa
768 1142 841 1215 ioca
858 1142 935 1215 sunt
951 1142 1143 1238 praemissi,
1166 1145 1363 1213 eomitante

144 1249 254 1325 etiarn
280 1241 418 1316 heroici
437 1240 544 1309 ammi
570 1238 726 1309 foemina
751 1240 832 1309 Mar
858 1257 974 1329 areta,
1005 1238 1149 1335 regina,
1172 1254 1211 1306 et
1233 1239 1359 1326 Beiae,

147 1338 349 1437 Hungariae
383 1331 511 1426 Regis,
545 1333 661 1407 vidua.
711 1334 790 1429 lpse
820 1262 999 1407 iieancua
1021 1354 1102 1407 curn
1130 1332 1235 1404 tertia
1259 1354 1361 1405 manu

147 1436 219 1515 sese
244 1442 281 1508 in
307 1432 402 1503 ltalia
428 1429 598 1517 detinuit,
625 1448 662 1501 et
677 1428 968 1502 aduersariossrbi
985 1428 1152 1525 subjecit:
1178 1450 1252 1523 quo
1269 1426 1363 1501 fabio

150 1534 332 1607 meliorem
353 1524 529 1597 exercitus
546 1526 688 1616 partem
699 1546 839 1631 quoque
854 1524 887 1595 in
905 1524 1126 1597 Palaestinam
1144 1522 1250 1595 misit.
1279 1526 1368 1597 Cru-

145 1628 250 1709 ciati,
275 1646 348 1696 non
366 1620 572 1695 obstantibus
597 1618 764 1704 inductis,
791 1642 877 1715 quae
903 1619 1054 1692 noudum
1070 1614 1366 1713 exspiraverant,

147 1726 273 1799 beilum
307 1743 390 1792 mox
435 1716 630 1789 intulerunt
679 1714 904 1802 infidelibus,
943 1734 980 1787 et
1021 1714 1270 1810 Sapiradinus,
1328 1718 1374 1787 ui

148 1840 233 1895 mne
258 1819 442 1910 regnabat,
470 1809 539 1882 sese
562 1810 625 1895 iis,
650 1810 761 1903 copiis
779 1811 846 1882 suis
864 1808 992 1898 unitis,
1016 1832 1089 1883 non
1114 1808 1186 1881 fine
1209 1810 1312 1883 succe
1341 1835 1371 1883 ιι

154 1913 322 2014 opposuit
348 1910 384 1982 in
410 1905 761 2011 initi0,·cxpugnata
786 1907 923 2002 Juppc;
948 1902 1005 1976 sed
1023 1904 1158 2001 praelio
1173 1902 1272 1977 inter
1291 1906 1439 2001 Ty*

148 2028 288 2087 tumet
314 2005 482 2077 Sidonem
508 2000 615 2088 inito,
648 2022 772 2093 magna
813 2024 893 2074 cum
916 1997 1017 2073 clade
1038 1998 1185 2073 disceffit
1201 1998 1449 2076 iufisriorae·

151 2110 233 2206 Qua
256 2100 401 2176 vicioria
423 2095 520 2171 reue
535 2093 586 2170 uti
604 2095 794 2169 nescientes
821 2093 972 2169 cruciati
990 2095 1221 2182 Thoronern,
1248 2098 1460 2171 munis·

150 2206 317 2281 tiiirmum
342 2194 509 2281 castrum,
544 2191 759 2280 obsidentes,
784 2192 854 2264 sese
880 2189 1000 2263 frustra
1030 2189 1241 2286 fatigarunt:
1271 2190 1466 2265 dein-2

151 2303 199 2375 de
229 2293 387 2388 corrupti
422 2290 498 2362 sunt
529 2287 716 2382 Tempiarii
743 2306 779 2358 et
805 2284 1054 2378 Hospitaiarii,
1085 2308 1164 2357 cum
1192 2282 1476 2367 nonnudiff'

152 2389 331 2471 Ducibus,
357 2411 376 2456 a
399 2382 616 2475 Saphadin03
642 2381 734 2453 adeo
746 2399 782 2451 ut
800 2382 1014 2454 obtidionem
1038 2381 1191 2453 fecerint
1207 2383 1442 2471 miffam,e
1465 2410 1475 2444 2

152 2506 190 2563 et
218 2504 281 2578 per
305 2499 423 2551 mutua
447 2475 573 2548 diffidia
599 2477 635 2546 su
657 2473 877 2549 adtriverint.
926 2476 1079 2549 Accestit
1100 2475 1254 2571 denique
1275 2472 1484 2550 morflffi

153 2572 301 2658 Hearici
326 2576 417 2678 vt,
443 2573 533 2642 unde
557 2570 664 2642 muita
690 2570 768 2643 sunt
794 2596 860 2667 per
880 2592 988 2644 totam
1005 2571 1180 2666 Europam
1205 2546 1482 2649 orcadis-5·

152 2676 257 2763 sidia,
291 2689 327 2742 et
351 2667 551 2758 Principes,
578 2666 622 2736 de
646 2667 746 2738 rebus
761 2667 828 2740 suis
850 2665 995 2758 soliciti,
1018 2666 1056 2739 in
1076 2667 1234 2761 proprias
1257 2666 1489 2743 terras&9

153 2794 259 2867 quam
286 2764 445 2841 citiffime
469 2762 543 2834 sunt
569 2758 708 2832 reversi.
762 2762 840 2858 Qua
860 2759 995 2834 ratione
1020 2779 1094 2832 tota
1117 2762 1306 2856 expeditio
1328 2763 1486 2838 int*

154 2889 285 2947 vanum
326 2859 486 2945 cecidit,
527 2856 679 2954 nihilque
719 2881 818 2953 quarn
859 2857 1045 2932 inmensam
1079 2859 1215 2931 ciadetn
1244 2859 1367 2934 adtulit
1387 2854 1483 2921 ‘⁶²

158 2957 372 3041 Christianis.
421 2951 535 3027 Dessit
559 2974 674 3027 autem
690 2976 719 3025 a.
744 2964 848 3043 1t98·

205 3059 238 3153 i.
263 3052 455 3127 CCLXVI.
478 3050 607 3147 Quinto
622 3051 821 3142 expeditio,
841 3049 938 3124 brevi
958 3052 1070 3123 secuta
1089 3048 1368 3144 originemsuam
1389 3051 1486 3121 ss

157 3157 265 3233 debet
280 3146 491 3221 Innocentio
508 3147 594 3233 nt,
621 3147 679 3239 qui
695 3168 791 3231 eam,
817 3148 940 3219 litteris
958 3148 1224 3238 quaquaversum
1243 3147 1369 3237 miffis,
1383 3176 1478 3223 a·

158 3270 196 3328 et
211 3242 374 3340 Legatis,
401 3239 495 3314 inter
511 3266 598 3338 quos
623 3241 772 3312 eminuit
790 3241 1041 3335 potentnirmus
1069 3241 1104 3313 in
1123 3243 1267 3317 Francia
1285 3258 1477 3318 con-‘⁸

157 3344 317 3422 cinnator
342 3337 467 3426 Falco,
493 3335 716 3431 procuravit,
743 3337 893 3410 induciis
916 3336 1010 3407 inter
1033 3337 1150 3428 Reges
1175 3339 1312 3413 Galliae
1332 3358 1369 3413 et
1393 3331 1476 3397 5

158 3435 309 3535 Angliae
328 3432 440 3507 fartis.
468 3433 643 3526 Principes
659 3433 694 3503 in
713 3457 754 3504 en
771 3455 884 3528 partes
901 3434 1089 3506 habuerunt
1101 3431 1203 3522 Galli,
1221 3458 1368 3529 quorum
1408 3430 1474 3493 ἢ

157 3529 366 3653 praecipuus
390 3528 460 3601 fuit
484 3529 685 3613 Bulduintrs,
705 3531 831 3601 Comes
854 3530 1049 3611 Fiandriae,
1079 3529 1200 3625 quibus
1218 3530 1291 3603 sese
1310 3530 1367 3605 ad·
1430 3537 1473 3563 ‘

160 3643 353 3731 junxerunt
382 3625 534 3714 Veneti,
569 3628 629 3698 sub
662 3623 961 3718 famigeratiffrmu
990 3627 1091 3699 Duce
1125 3624 1308 3713 Dunduio,
1339 3647 1370 3701 a.
1422 3647 1476 3679 ἐ

163 3744 269 3803 1201.
295 3718 449 3792 cruciati
477 3723 608 3813 partim
633 3720 823 3794 Maii’riiam
845 3719 993 3812 prufedii
1016 3719 1108 3807 sunt,
1135 3720 1220 3792 inde
1244 3725 1281 3793 in
1308 3723 1372 3796 Pa·
1426 3726 1479 3755 ²

101 3886 104 3892 r
161 3814 338 3899 luestinam
361 3812 575 3906 navigaturi,
601 3818 729 3907 partim
742 3817 931 3903 Venetias,
957 3835 995 3887 ut
1021 3816 1093 3889 sese
1116 3839 1198 3889 curn
1216 3815 1371 3892 Venetis
1449 3806 1476 3845 ⁴

158 3920 353 4017 jungerent.
384 3910 474 3981 Cum
491 3931 576 3981 vero
593 3911 799 4003 pecuniam,
820 3912 969 3987 Venetia
985 3912 1200 4005 promissum,
1217 3934 1290 3985 non
1306 3910 1381 3989 nisa.
1400 3972 1414 3981 ,
1477 3946 1481 3951 ·

161 4036 208 4097 eu
227 4028 330 4115 parte
354 4005 488 4085 solvere
511 4003 666 4104 pudent,
693 4029 747 4082 res
763 4008 800 4084 in
823 4030 953 4083 vanum
969 4007 1171 4101 ceeidrffet,
1191 4007 1257 4085 nisa
1276 4010 1377 4177 ΒΥ·
1459 4012 1475 4023 ”

164 4158 169 4165 -
243 4160 248 4169 -
1334 4123 1371 4178 ut
