<?xml version="1.0" encoding="UTF-8"?>
<!DOCTYPE html PUBLIC "-//W3C//DTD XHTML 1.0 Transitional//EN"
    "http://www.w3.org/TR/xhtml1/DTD/xhtml1-transitional.dtd">
<html xmlns="http://www.w3.org/1999/xhtml" xml:lang="en" lang="en">
 <head>
  <title>
</title>
<meta http-equiv="Content-Type" content="text/html;charset=utf-8" />
  <meta name='ocr-system' content='tesseract 3.04.00' />
  <meta name='ocr-capabilities' content='ocr_page ocr_carea ocr_par ocr_line ocrx_word'/>
</head>
<body>
  <div class='ocr_page' id='page_1' title='image "./hermannivenemai00venegoog_0321.png"; bbox 0 0 3022 4806; ppageno 0'>
   <div class='ocr_carea' id='block_1_1' title="bbox 126 638 956 755">
    <p class='ocr_par' dir='ltr' id='par_1_1' title="bbox 126 638 956 755">
     <span class='ocr_line' id='line_1_1' title="bbox 126 638 956 755; baseline -0.008 -26"><span class='ocrx_word' id='word_1_1' title='bbox 126 664 208 755; x_wconf 72' lang='lat' dir='ltr'>&#39;3t4</span> <span class='ocrx_word' id='word_1_2' title='bbox 508 647 655 748; x_wconf 74' lang='lat' dir='ltr'>Historia</span> <span class='ocrx_word' id='word_1_3' title='bbox 681 638 810 748; x_wconf 71' lang='lat' dir='ltr'>Eccles.</span> <span class='ocrx_word' id='word_1_4' title='bbox 837 642 956 745; x_wconf 62' lang='lat' dir='ltr'>clerte</span> 
     </span>
    </p>
   </div>
   <div class='ocr_carea' id='block_1_2' title="bbox 43 819 1391 4098">
    <p class='ocr_par' dir='ltr' id='par_1_2' title="bbox 143 819 1380 1501">
     <span class='ocr_line' id='line_1_2' title="bbox 191 819 1368 931; baseline -0.008 -29"><span class='ocrx_word' id='word_1_5' title='bbox 191 830 223 931; x_wconf 62' lang='lat' dir='ltr'>q.</span> <span class='ocrx_word' id='word_1_6' title='bbox 250 828 439 902; x_wconf 85' lang='lat' dir='ltr'>CCLXXl.</span> <span class='ocrx_word' id='word_1_7' title='bbox 466 825 634 900; x_wconf 87' lang='lat' dir='ltr'>Converli</span> <span class='ocrx_word' id='word_1_8' title='bbox 665 847 848 902; x_wconf 78' lang='lat' dir='ltr'>narrantur</span> <span class='ocrx_word' id='word_1_9' title='bbox 866 828 936 899; x_wconf 90' lang='lat' dir='ltr'>hoc</span> <span class='ocrx_word' id='word_1_10' title='bbox 956 822 1088 909; x_wconf 89' lang='lat' dir='ltr'>seculo,</span> <span class='ocrx_word' id='word_1_11' title='bbox 1110 840 1150 898; x_wconf 90' lang='lat' dir='ltr'>ut</span> <span class='ocrx_word' id='word_1_12' title='bbox 1172 821 1219 896; x_wconf 75' lang='lat' dir='ltr'>ad</span> <span class='ocrx_word' id='word_1_13' title='bbox 1247 819 1368 895; x_wconf 84' lang='lat' dir='ltr'>verio-</span> 
     </span>
     <span class='ocr_line' id='line_1_3' title="bbox 146 912 1366 1020; baseline -0.015 -16"><span class='ocrx_word' id='word_1_14' title='bbox 146 953 221 1004; x_wconf 87' lang='lat' dir='ltr'>rem</span> <span class='ocrx_word' id='word_1_15' title='bbox 248 925 457 999; x_wconf 76' lang='lat' dir='ltr'>Christianae</span> <span class='ocrx_word' id='word_1_16' title='bbox 485 925 704 1020; x_wconf 83' lang='lat' dir='ltr'>ptolelliunis</span> <span class='ocrx_word' id='word_1_17' title='bbox 733 926 1022 1020; x_wconf 74' lang='lat' dir='ltr'>propagationem</span> <span class='ocrx_word' id='word_1_18' title='bbox 1046 922 1202 1009; x_wconf 78' lang='lat' dir='ltr'>veniam,</span> <span class='ocrx_word' id='word_1_19' title='bbox 1230 912 1366 988; x_wconf 84' lang='lat' dir='ltr'>Boruffi</span> 
     </span>
     <span class='ocr_line' id='line_1_4' title="bbox 143 1017 1358 1117; baseline -0.007 -18"><span class='ocrx_word' id='word_1_20' title='bbox 143 1025 340 1110; x_wconf 83' lang='lat' dir='ltr'>etTatart,</span> <span class='ocrx_word' id='word_1_21' title='bbox 358 1026 539 1117; x_wconf 85' lang='lat' dir='ltr'>dequibus</span> <span class='ocrx_word' id='word_1_22' title='bbox 567 1030 731 1115; x_wconf 74' lang='lat' dir='ltr'>quiedam</span> <span class='ocrx_word' id='word_1_23' title='bbox 750 1024 896 1092; x_wconf 72' lang='lat' dir='ltr'>dicenda</span> <span class='ocrx_word' id='word_1_24' title='bbox 914 1017 1054 1094; x_wconf 75' lang='lat' dir='ltr'>restant.</span> <span class='ocrx_word' id='word_1_25' title='bbox 1107 1019 1272 1103; x_wconf 83' lang='lat' dir='ltr'>Borussrr,</span> <span class='ocrx_word' id='word_1_26' title='bbox 1298 1017 1358 1091; x_wconf 85' lang='lat' dir='ltr'>seu</span> 
     </span>
     <span class='ocr_line' id='line_1_5' title="bbox 151 1114 1362 1214; baseline -0.005 -18"><span class='ocrx_word' id='word_1_27' title='bbox 151 1122 291 1207; x_wconf 81' lang='lat' dir='ltr'>Prullrs,</span> <span class='ocrx_word' id='word_1_28' title='bbox 319 1119 376 1214; x_wconf 92' lang='lat' dir='ltr'>qui</span> <span class='ocrx_word' id='word_1_29' title='bbox 410 1120 526 1212; x_wconf 83' lang='lat' dir='ltr'>capita</span> <span class='ocrx_word' id='word_1_30' title='bbox 557 1117 659 1189; x_wconf 86' lang='lat' dir='ltr'>inuio</span> <span class='ocrx_word' id='word_1_31' title='bbox 695 1116 797 1189; x_wconf 81' lang='lat' dir='ltr'>seculi</span> <span class='ocrx_word' id='word_1_32' title='bbox 829 1135 1036 1200; x_wconf 85' lang='lat' dir='ltr'>erexerunt,</span> <span class='ocrx_word' id='word_1_33' title='bbox 1064 1133 1100 1186; x_wconf 89' lang='lat' dir='ltr'>et</span> <span class='ocrx_word' id='word_1_34' title='bbox 1126 1114 1362 1210; x_wconf 65' lang='lat' dir='ltr'>provinciales</span> 
     </span>
     <span class='ocr_line' id='line_1_6' title="bbox 150 1209 1360 1302; baseline -0.009 -12"><span class='ocrx_word' id='word_1_35' title='bbox 150 1241 223 1290; x_wconf 90' lang='lat' dir='ltr'>non</span> <span class='ocrx_word' id='word_1_36' title='bbox 248 1235 401 1302; x_wconf 88' lang='lat' dir='ltr'>tantum,</span> <span class='ocrx_word' id='word_1_37' title='bbox 429 1214 485 1285; x_wconf 88' lang='lat' dir='ltr'>scd</span> <span class='ocrx_word' id='word_1_38' title='bbox 513 1233 549 1285; x_wconf 91' lang='lat' dir='ltr'>et</span> <span class='ocrx_word' id='word_1_39' title='bbox 573 1235 836 1300; x_wconf 78' lang='lat' dir='ltr'>conterminos,</span> <span class='ocrx_word' id='word_1_40' title='bbox 858 1211 1084 1286; x_wconf 83' lang='lat' dir='ltr'>Cheimenies</span> <span class='ocrx_word' id='word_1_41' title='bbox 1108 1232 1147 1284; x_wconf 89' lang='lat' dir='ltr'>et</span> <span class='ocrx_word' id='word_1_42' title='bbox 1173 1209 1360 1289; x_wconf 76' lang='lat' dir='ltr'>Mess&#39;avios</span> 
     </span>
     <span class='ocr_line' id='line_1_7' title="bbox 148 1307 1359 1397; baseline -0.008 -10"><span class='ocrx_word' id='word_1_43' title='bbox 148 1314 369 1397; x_wconf 84' lang='lat' dir='ltr'>invaserunt,</span> <span class='ocrx_word' id='word_1_44' title='bbox 396 1312 643 1382; x_wconf 79' lang='lat' dir='ltr'>convertendis</span> <span class='ocrx_word' id='word_1_45' title='bbox 661 1333 732 1382; x_wconf 91' lang='lat' dir='ltr'>non</span> <span class='ocrx_word' id='word_1_46' title='bbox 752 1329 887 1381; x_wconf 86' lang='lat' dir='ltr'>tanturn</span> <span class='ocrx_word' id='word_1_47' title='bbox 905 1310 1140 1381; x_wconf 87' lang='lat' dir='ltr'>incubuerunt</span> <span class='ocrx_word' id='word_1_48' title='bbox 1155 1307 1359 1381; x_wconf 85' lang='lat' dir='ltr'>Cistercien·</span> 
     </span>
     <span class='ocr_line' id='line_1_8' title="bbox 148 1401 1380 1501; baseline -0.007 -17"><span class='ocrx_word' id='word_1_49' title='bbox 148 1410 201 1485; x_wconf 81' lang='lat' dir='ltr'>ses</span> <span class='ocrx_word' id='word_1_50' title='bbox 219 1408 413 1495; x_wconf 87' lang='lat' dir='ltr'>Monaclri‚</span> <span class='ocrx_word' id='word_1_51' title='bbox 431 1428 575 1501; x_wconf 89' lang='lat' dir='ltr'>quorum</span> <span class='ocrx_word' id='word_1_52' title='bbox 596 1408 774 1501; x_wconf 81' lang='lat' dir='ltr'>praecipui</span> <span class='ocrx_word' id='word_1_53' title='bbox 792 1406 933 1476; x_wconf 80' lang='lat' dir='ltr'>luerunt</span> <span class='ocrx_word' id='word_1_54' title='bbox 948 1401 1163 1476; x_wconf 78' lang='lat' dir='ltr'>Christianus</span> <span class='ocrx_word' id='word_1_55' title='bbox 1176 1423 1216 1476; x_wconf 89' lang='lat' dir='ltr'>et</span> <span class='ocrx_word' id='word_1_56' title='bbox 1233 1404 1380 1498; x_wconf 60' lang='lat' dir='ltr'>Pninp:</span> 
     </span>
    </p>

    <p class='ocr_par' dir='ltr' id='par_1_3' title="bbox 128 1500 1371 1981">
     <span class='ocr_line' id='line_1_9' title="bbox 176 1500 1354 1599; baseline -0.001 -24"><span class='ocrx_word' id='word_1_57' title='bbox 176 1525 233 1590; x_wconf 81' lang='lat' dir='ltr'>ua,</span> <span class='ocrx_word' id='word_1_58' title='bbox 255 1501 349 1599; x_wconf 90' lang='lat' dir='ltr'>prior</span> <span class='ocrx_word' id='word_1_59' title='bbox 366 1502 745 1599; x_wconf 89' lang='lat' dir='ltr'>quoquePrutenorum</span> <span class='ocrx_word' id='word_1_60' title='bbox 756 1500 949 1596; x_wconf 70' lang='lat' dir='ltr'>Episcopus</span> <span class='ocrx_word' id='word_1_61' title='bbox 964 1500 1189 1573; x_wconf 80' lang='lat' dir='ltr'>consecratur</span> <span class='ocrx_word' id='word_1_62' title='bbox 1202 1521 1234 1573; x_wconf 87' lang='lat' dir='ltr'>a.</span> <span class='ocrx_word' id='word_1_63' title='bbox 1256 1521 1354 1592; x_wconf 85' lang='lat'>1215.</span> 
     </span>
     <span class='ocr_line' id='line_1_10' title="bbox 128 1528 1355 1694; baseline -0.003 -23"><span class='ocrx_word' id='word_1_64' title='bbox 128 1528 204 1671; x_wconf 54' lang='lat' dir='ltr'>tid</span> <span class='ocrx_word' id='word_1_65' title='bbox 233 1600 267 1672; x_wconf 92' lang='lat' dir='ltr'>in</span> <span class='ocrx_word' id='word_1_66' title='bbox 285 1598 405 1694; x_wconf 79' lang='lat' dir='ltr'>primis</span> <span class='ocrx_word' id='word_1_67' title='bbox 423 1595 679 1694; x_wconf 78' lang='lat' dir='ltr'>Crucefigneti,</span> <span class='ocrx_word' id='word_1_68' title='bbox 705 1598 863 1693; x_wconf 89' lang='lat' dir='ltr'>interque</span> <span class='ocrx_word' id='word_1_69' title='bbox 887 1620 949 1670; x_wconf 83' lang='lat' dir='ltr'>eor</span> <span class='ocrx_word' id='word_1_70' title='bbox 966 1592 1098 1668; x_wconf 72' lang='lat' dir='ltr'>ordinis</span> <span class='ocrx_word' id='word_1_71' title='bbox 1117 1596 1308 1669; x_wconf 87' lang='lat' dir='ltr'>Teutonici</span> <span class='ocrx_word' id='word_1_72' title='bbox 1322 1617 1355 1667; x_wconf 80' lang='lat' dir='ltr'>e·</span> 
     </span>
     <span class='ocr_line' id='line_1_11' title="bbox 145 1692 1353 1793; baseline -0.002 -25"><span class='ocrx_word' id='word_1_73' title='bbox 145 1696 285 1791; x_wconf 76' lang='lat' dir='ltr'>quites,</span> <span class='ocrx_word' id='word_1_74' title='bbox 315 1693 374 1793; x_wconf 90' lang='lat' dir='ltr'>qui</span> <span class='ocrx_word' id='word_1_75' title='bbox 391 1718 451 1768; x_wconf 83' lang='lat' dir='ltr'>eos</span> <span class='ocrx_word' id='word_1_76' title='bbox 469 1693 573 1765; x_wconf 88' lang='lat' dir='ltr'>fidem</span> <span class='ocrx_word' id='word_1_77' title='bbox 591 1696 693 1767; x_wconf 80' lang='lat' dir='ltr'>armis</span> <span class='ocrx_word' id='word_1_78' title='bbox 717 1710 915 1790; x_wconf 83' lang='lat' dir='ltr'>coegerunt</span> <span class='ocrx_word' id='word_1_79' title='bbox 936 1692 1144 1779; x_wconf 81' lang='lat' dir='ltr'>admittere,</span> <span class='ocrx_word' id='word_1_80' title='bbox 1168 1695 1260 1767; x_wconf 91' lang='lat' dir='ltr'>bello</span> <span class='ocrx_word' id='word_1_81' title='bbox 1279 1715 1353 1766; x_wconf 89' lang='lat' dir='ltr'>cum</span> 
     </span>
     <span class='ocr_line' id='line_1_12' title="bbox 149 1785 1371 1901; baseline -0.006 -37"><span class='ocrx_word' id='word_1_82' title='bbox 149 1788 192 1864; x_wconf 87' lang='lat' dir='ltr'>iis</span> <span class='ocrx_word' id='word_1_83' title='bbox 242 1815 281 1863; x_wconf 90' lang='lat' dir='ltr'>er</span> <span class='ocrx_word' id='word_1_84' title='bbox 304 1812 414 1864; x_wconf 82' lang='lat' dir='ltr'>annor</span> <span class='ocrx_word' id='word_1_85' title='bbox 436 1789 684 1886; x_wconf 85' lang='lat' dir='ltr'>quinquaginta</span> <span class='ocrx_word' id='word_1_86' title='bbox 705 1786 805 1885; x_wconf 86' lang='lat' dir='ltr'>gesto</span> <span class='ocrx_word' id='word_1_87' title='bbox 828 1791 870 1862; x_wconf 88' lang='lat' dir='ltr'>ab</span> <span class='ocrx_word' id='word_1_88' title='bbox 887 1813 916 1862; x_wconf 88' lang='lat' dir='ltr'>a.</span> <span class='ocrx_word' id='word_1_89' title='bbox 933 1810 1045 1882; x_wconf 72' lang='lat' dir='ltr'>tago.</span> <span class='ocrx_word' id='word_1_90' title='bbox 1096 1785 1185 1888; x_wconf 90' lang='lat' dir='ltr'>Quo</span> <span class='ocrx_word' id='word_1_91' title='bbox 1201 1809 1371 1901; x_wconf 27' lang='lat' dir='ltr'>tempore·</span> 
     </span>
     <span class='ocr_line' id='line_1_13' title="bbox 148 1816 1349 1981; baseline -0.003 -20"><span class='ocrx_word' id='word_1_92' title='bbox 148 1816 268 1961; x_wconf 74' lang='lat' dir='ltr'>antiis</span> <span class='ocrx_word' id='word_1_93' title='bbox 285 1887 476 1981; x_wconf 88' lang='lat' dir='ltr'>equitibus,</span> <span class='ocrx_word' id='word_1_94' title='bbox 496 1885 714 1958; x_wconf 85' lang='lat' dir='ltr'>inhonorem</span> <span class='ocrx_word' id='word_1_95' title='bbox 733 1886 869 1958; x_wconf 86' lang='lat' dir='ltr'>Mariae</span> <span class='ocrx_word' id='word_1_96' title='bbox 886 1881 1128 1980; x_wconf 74' lang='lat' dir='ltr'>protectricis,</span> <span class='ocrx_word' id='word_1_97' title='bbox 1153 1908 1217 1958; x_wconf 79' lang='lat' dir='ltr'>arx</span> <span class='ocrx_word' id='word_1_98' title='bbox 1235 1906 1349 1979; x_wconf 82' lang='lat' dir='ltr'>punta-</span> 
     </span>
    </p>

    <p class='ocr_par' dir='ltr' id='par_1_4' title="bbox 129 1976 1353 3228">
     <span class='ocr_line' id='line_1_14' title="bbox 145 1976 1351 2076; baseline -0.002 -20"><span class='ocrx_word' id='word_1_99' title='bbox 145 1984 197 2056; x_wconf 87' lang='lat' dir='ltr'>tia</span> <span class='ocrx_word' id='word_1_100' title='bbox 214 1984 377 2070; x_wconf 83' lang='lat' dir='ltr'>Ordinis,</span> <span class='ocrx_word' id='word_1_101' title='bbox 391 1981 675 2076; x_wconf 86' lang='lat' dir='ltr'>Mariaeburgum</span> <span class='ocrx_word' id='word_1_102' title='bbox 693 1980 802 2068; x_wconf 73' lang='lat' dir='ltr'>dicia,</span> <span class='ocrx_word' id='word_1_103' title='bbox 823 1982 1004 2055; x_wconf 86' lang='lat' dir='ltr'>aedificata</span> <span class='ocrx_word' id='word_1_104' title='bbox 1021 1976 1082 2052; x_wconf 87' lang='lat' dir='ltr'>est.</span> <span class='ocrx_word' id='word_1_105' title='bbox 1125 1981 1216 2054; x_wconf 87' lang='lat' dir='ltr'>Vid.</span> <span class='ocrx_word' id='word_1_106' title='bbox 1235 1982 1351 2054; x_wconf 88' lang='lat' dir='ltr'>Kraut·</span> 
     </span>
     <span class='ocr_line' id='line_1_15' title="bbox 150 2077 1353 2172; baseline -0.002 -21"><span class='ocrx_word' id='word_1_107' title='bbox 150 2081 226 2153; x_wconf 83' lang='lat' dir='ltr'>zius</span> <span class='ocrx_word' id='word_1_108' title='bbox 242 2080 277 2153; x_wconf 91' lang='lat' dir='ltr'>io</span> <span class='ocrx_word' id='word_1_109' title='bbox 301 2080 469 2154; x_wconf 86' lang='lat' dir='ltr'>Vandalia</span> <span class='ocrx_word' id='word_1_110' title='bbox 494 2077 516 2150; x_wconf 90' lang='lat' dir='ltr'>l.</span> <span class='ocrx_word' id='word_1_111' title='bbox 543 2077 626 2152; x_wconf 87' lang='lat' dir='ltr'>Vll.</span> <span class='ocrx_word' id='word_1_112' title='bbox 676 2081 859 2164; x_wconf 86' lang='lat' dir='ltr'>Ceterum,</span> <span class='ocrx_word' id='word_1_113' title='bbox 880 2077 971 2172; x_wconf 88' lang='lat' dir='ltr'>quod</span> <span class='ocrx_word' id='word_1_114' title='bbox 1003 2094 1127 2147; x_wconf 88' lang='lat' dir='ltr'>notatu</span> <span class='ocrx_word' id='word_1_115' title='bbox 1153 2098 1226 2149; x_wconf 92' lang='lat' dir='ltr'>non</span> <span class='ocrx_word' id='word_1_116' title='bbox 1242 2077 1353 2153; x_wconf 87' lang='lat' dir='ltr'>estin·</span> 
     </span>
     <span class='ocr_line' id='line_1_16' title="bbox 129 2169 1350 2270; baseline -0.002 -22"><span class='ocrx_word' id='word_1_117' title='bbox 129 2179 319 2269; x_wconf 73' lang='lat' dir='ltr'>dignum,</span> <span class='ocrx_word' id='word_1_118' title='bbox 351 2201 431 2249; x_wconf 87' lang='lat' dir='ltr'>curn</span> <span class='ocrx_word' id='word_1_119' title='bbox 458 2174 659 2270; x_wconf 65' lang='lat' dir='ltr'>populi-illi</span> <span class='ocrx_word' id='word_1_120' title='bbox 683 2198 702 2248; x_wconf 87' lang='lat' dir='ltr'>a</span> <span class='ocrx_word' id='word_1_121' title='bbox 727 2173 938 2247; x_wconf 81' lang='lat' dir='ltr'>Christianae</span> <span class='ocrx_word' id='word_1_122' title='bbox 960 2169 1044 2244; x_wconf 83' lang='lat' dir='ltr'>fidei</span> <span class='ocrx_word' id='word_1_123' title='bbox 1064 2171 1276 2264; x_wconf 80' lang='lat' dir='ltr'>profcllione</span> <span class='ocrx_word' id='word_1_124' title='bbox 1298 2175 1350 2247; x_wconf 60' lang='lat' dir='ltr'>al»</span> 
     </span>
     <span class='ocr_line' id='line_1_17' title="bbox 144 2266 1351 2368; baseline -0.002 -24"><span class='ocrx_word' id='word_1_125' title='bbox 144 2272 392 2359; x_wconf 78' lang='lat' dir='ltr'>sterterentur,</span> <span class='ocrx_word' id='word_1_126' title='bbox 419 2271 511 2368; x_wconf 89' lang='lat' dir='ltr'>quud</span> <span class='ocrx_word' id='word_1_127' title='bbox 546 2273 731 2359; x_wconf 83' lang='lat' dir='ltr'>timerent,</span> <span class='ocrx_word' id='word_1_128' title='bbox 759 2295 795 2340; x_wconf 88' lang='lat' dir='ltr'>ne</span> <span class='ocrx_word' id='word_1_129' title='bbox 827 2277 895 2364; x_wconf 66' lang='lat' dir='ltr'>poll</span> <span class='ocrx_word' id='word_1_130' title='bbox 922 2266 1159 2362; x_wconf 79' lang='lat' dir='ltr'>susceptionem</span> <span class='ocrx_word' id='word_1_131' title='bbox 1186 2271 1272 2366; x_wconf 74' lang='lat' dir='ltr'>fidei</span> <span class='ocrx_word' id='word_1_132' title='bbox 1301 2292 1351 2366; x_wconf 83' lang='lat' dir='ltr'>per</span> 
     </span>
     <span class='ocr_line' id='line_1_18' title="bbox 146 2367 1351 2462; baseline 0.002 -26"><span class='ocrx_word' id='word_1_133' title='bbox 146 2367 320 2458; x_wconf 83' lang='lat' dir='ltr'>Principes</span> <span class='ocrx_word' id='word_1_134' title='bbox 341 2371 443 2438; x_wconf 82' lang='lat' dir='ltr'>Orbis</span> <span class='ocrx_word' id='word_1_135' title='bbox 461 2369 628 2436; x_wconf 73' lang='lat' dir='ltr'>libertates</span> <span class='ocrx_word' id='word_1_136' title='bbox 646 2391 751 2438; x_wconf 85' lang='lat' dir='ltr'>eorum</span> <span class='ocrx_word' id='word_1_137' title='bbox 778 2370 823 2438; x_wconf 79' lang='lat' dir='ltr'>cni</span> <span class='ocrx_word' id='word_1_138' title='bbox 837 2368 1012 2462; x_wconf 78' lang='lat' dir='ltr'>servitutis</span> <span class='ocrx_word' id='word_1_139' title='bbox 1037 2388 1134 2437; x_wconf 83' lang='lat' dir='ltr'>onero</span> <span class='ocrx_word' id='word_1_140' title='bbox 1160 2368 1351 2441; x_wconf 76' lang='lat' dir='ltr'>deducantur</span> 
     </span>
     <span class='ocr_line' id='line_1_19' title="bbox 142 2460 1347 2558; baseline 0.004 -27"><span class='ocrx_word' id='word_1_141' title='bbox 142 2463 252 2533; x_wconf 90' lang='lat' dir='ltr'>verba</span> <span class='ocrx_word' id='word_1_142' title='bbox 278 2462 354 2531; x_wconf 88' lang='lat' dir='ltr'>sunt</span> <span class='ocrx_word' id='word_1_143' title='bbox 381 2460 560 2532; x_wconf 85' lang='lat' dir='ltr'>Frederici</span> <span class='ocrx_word' id='word_1_144' title='bbox 586 2463 631 2532; x_wconf 89' lang='lat' dir='ltr'>ll.</span> <span class='ocrx_word' id='word_1_145' title='bbox 673 2463 766 2532; x_wconf 89' lang='lat' dir='ltr'>inter</span> <span class='ocrx_word' id='word_1_146' title='bbox 791 2462 960 2558; x_wconf 81' lang='lat' dir='ltr'>Epillolas</span> <span class='ocrx_word' id='word_1_147' title='bbox 987 2461 1075 2533; x_wconf 79' lang='lat' dir='ltr'>Petri</span> <span class='ocrx_word' id='word_1_148' title='bbox 1101 2462 1148 2533; x_wconf 91' lang='lat' dir='ltr'>de</span> <span class='ocrx_word' id='word_1_149' title='bbox 1175 2463 1301 2536; x_wconf 84' lang='lat' dir='ltr'>Vineis</span> <span class='ocrx_word' id='word_1_150' title='bbox 1325 2462 1347 2536; x_wconf 89' lang='lat' dir='ltr'>l.</span> 
     </span>
     <span class='ocr_line' id='line_1_20' title="bbox 145 2553 1346 2649; baseline 0.001 -22"><span class='ocrx_word' id='word_1_151' title='bbox 145 2555 213 2628; x_wconf 92' lang='lat' dir='ltr'>Vl.</span> <span class='ocrx_word' id='word_1_152' title='bbox 239 2577 315 2649; x_wconf 91' lang='lat' dir='ltr'>cap.</span> <span class='ocrx_word' id='word_1_153' title='bbox 342 2578 400 2649; x_wconf 83' lang='lat'>30.</span> <span class='ocrx_word' id='word_1_154' title='bbox 428 2556 614 2649; x_wconf 75' lang='lat' dir='ltr'>inperator</span> <span class='ocrx_word' id='word_1_155' title='bbox 629 2553 822 2631; x_wconf 84' lang='lat' dir='ltr'>libertatern</span> <span class='ocrx_word' id='word_1_156' title='bbox 848 2581 968 2632; x_wconf 91' lang='lat' dir='ltr'>eorum</span> <span class='ocrx_word' id='word_1_157' title='bbox 988 2557 1066 2628; x_wconf 78' lang='lat' dir='ltr'>iore</span> <span class='ocrx_word' id='word_1_158' title='bbox 1090 2557 1214 2632; x_wconf 80' lang='lat' dir='ltr'>sartam</span> <span class='ocrx_word' id='word_1_159' title='bbox 1233 2559 1346 2633; x_wconf 73' lang='lat' dir='ltr'>teclam</span> 
     </span>
     <span class='ocr_line' id='line_1_21' title="bbox 142 2649 1348 2750; baseline 0.001 -26"><span class='ocrx_word' id='word_1_160' title='bbox 142 2649 352 2737; x_wconf 87' lang='lat' dir='ltr'>declaravit,</span> <span class='ocrx_word' id='word_1_161' title='bbox 377 2650 476 2746; x_wconf 84' lang='lat' dir='ltr'>epist.</span> <span class='ocrx_word' id='word_1_162' title='bbox 502 2652 619 2725; x_wconf 78' lang='lat' dir='ltr'>citata.</span> <span class='ocrx_word' id='word_1_163' title='bbox 673 2653 851 2728; x_wconf 86' lang='lat' dir='ltr'>Celebrior</span> <span class='ocrx_word' id='word_1_164' title='bbox 874 2653 924 2727; x_wconf 89' lang='lat' dir='ltr'>est</span> <span class='ocrx_word' id='word_1_165' title='bbox 944 2656 1193 2743; x_wconf 83' lang='lat' dir='ltr'>Tartarorum,</span> <span class='ocrx_word' id='word_1_166' title='bbox 1219 2657 1273 2729; x_wconf 87' lang='lat' dir='ltr'>vel</span> <span class='ocrx_word' id='word_1_167' title='bbox 1290 2675 1348 2750; x_wconf 90' lang='lat' dir='ltr'>po·</span> 
     </span>
     <span class='ocr_line' id='line_1_22' title="bbox 143 2745 1353 2846; baseline 0.002 -26"><span class='ocrx_word' id='word_1_168' title='bbox 143 2746 213 2822; x_wconf 82' lang='lat' dir='ltr'>tius</span> <span class='ocrx_word' id='word_1_169' title='bbox 236 2745 450 2838; x_wconf 80' lang='lat' dir='ltr'>Tatarorum,</span> <span class='ocrx_word' id='word_1_170' title='bbox 481 2745 681 2822; x_wconf 82' lang='lat' dir='ltr'>conversio:</span> <span class='ocrx_word' id='word_1_171' title='bbox 707 2749 751 2819; x_wconf 89' lang='lat' dir='ltr'>de</span> <span class='ocrx_word' id='word_1_172' title='bbox 777 2752 900 2837; x_wconf 81' lang='lat' dir='ltr'>quibus</span> <span class='ocrx_word' id='word_1_173' title='bbox 917 2753 1081 2844; x_wconf 82' lang='lat' dir='ltr'>quaedam</span> <span class='ocrx_word' id='word_1_174' title='bbox 1100 2750 1181 2824; x_wconf 89' lang='lat' dir='ltr'>sunt</span> <span class='ocrx_word' id='word_1_175' title='bbox 1199 2755 1353 2846; x_wconf 72' lang='lat' dir='ltr'>praciam</span> 
     </span>
     <span class='ocr_line' id='line_1_23' title="bbox 141 2842 1343 2940; baseline 0 -21"><span class='ocrx_word' id='word_1_176' title='bbox 141 2845 199 2920; x_wconf 87' lang='lat' dir='ltr'>da.</span> <span class='ocrx_word' id='word_1_177' title='bbox 250 2845 468 2940; x_wconf 87' lang='lat' dir='ltr'>Scripsernnt</span> <span class='ocrx_word' id='word_1_178' title='bbox 497 2842 541 2914; x_wconf 85' lang='lat' dir='ltr'>de</span> <span class='ocrx_word' id='word_1_179' title='bbox 576 2845 646 2931; x_wconf 82' lang='lat' dir='ltr'>iit,</span> <span class='ocrx_word' id='word_1_180' title='bbox 669 2865 826 2938; x_wconf 17' lang='lat' dir='ltr'>*praeter</span> <span class='ocrx_word' id='word_1_181' title='bbox 862 2845 1037 2928; x_wconf 85' lang='lat' dir='ltr'>Perlicos,</span> <span class='ocrx_word' id='word_1_182' title='bbox 1073 2867 1110 2918; x_wconf 90' lang='lat' dir='ltr'>et</span> <span class='ocrx_word' id='word_1_183' title='bbox 1145 2849 1343 2921; x_wconf 85' lang='lat' dir='ltr'>orientalem</span> 
     </span>
     <span class='ocr_line' id='line_1_24' title="bbox 132 2939 1341 3040; baseline 0.001 -26"><span class='ocrx_word' id='word_1_184' title='bbox 132 2939 360 3016; x_wconf 81' lang='lat' dir='ltr'>christianum</span> <span class='ocrx_word' id='word_1_185' title='bbox 384 2940 682 3038; x_wconf 83' lang='lat' dir='ltr'>Abulpharagium</span> <span class='ocrx_word' id='word_1_186' title='bbox 699 2940 732 3013; x_wconf 90' lang='lat' dir='ltr'>in</span> <span class='ocrx_word' id='word_1_187' title='bbox 750 2940 880 3037; x_wconf 75' lang='lat' dir='ltr'>lrijioria</span> <span class='ocrx_word' id='word_1_188' title='bbox 903 2943 1148 3040; x_wconf 77' lang='lat' dir='ltr'>dynoslierunr,</span> <span class='ocrx_word' id='word_1_189' title='bbox 1175 2946 1341 3040; x_wconf 83' lang='lat' dir='ltr'>Aytonus,</span> 
     </span>
     <span class='ocr_line' id='line_1_25' title="bbox 138 3036 1341 3134; baseline 0 -24"><span class='ocrx_word' id='word_1_190' title='bbox 138 3036 247 3111; x_wconf 82' lang='lat' dir='ltr'>seculi</span> <span class='ocrx_word' id='word_1_191' title='bbox 263 3036 435 3130; x_wconf 88' lang='lat' dir='ltr'>sequentis</span> <span class='ocrx_word' id='word_1_192' title='bbox 454 3039 619 3132; x_wconf 86' lang='lat' dir='ltr'>scriptor,</span> <span class='ocrx_word' id='word_1_193' title='bbox 631 3039 775 3111; x_wconf 88' lang='lat' dir='ltr'>Marcus</span> <span class='ocrx_word' id='word_1_194' title='bbox 796 3042 913 3113; x_wconf 84' lang='lat' dir='ltr'>Paulus</span> <span class='ocrx_word' id='word_1_195' title='bbox 932 3042 1093 3113; x_wconf 85' lang='lat' dir='ltr'>Venetus</span> <span class='ocrx_word' id='word_1_196' title='bbox 1108 3042 1154 3111; x_wconf 88' lang='lat' dir='ltr'>de</span> <span class='ocrx_word' id='word_1_197' title='bbox 1171 3043 1341 3134; x_wconf 80' lang='lat' dir='ltr'>regionibns</span> 
     </span>
     <span class='ocr_line' id='line_1_26' title="bbox 144 3132 1337 3228; baseline 0.002 -23"><span class='ocrx_word' id='word_1_198' title='bbox 144 3134 388 3221; x_wconf 85' lang='lat' dir='ltr'>Orientalium,</span> <span class='ocrx_word' id='word_1_199' title='bbox 414 3152 451 3204; x_wconf 92' lang='lat' dir='ltr'>et</span> <span class='ocrx_word' id='word_1_200' title='bbox 468 3154 511 3208; x_wconf 86' lang='lat' dir='ltr'>ex</span> <span class='ocrx_word' id='word_1_201' title='bbox 527 3137 782 3208; x_wconf 84' lang='lat' dir='ltr'>recentioribus</span> <span class='ocrx_word' id='word_1_202' title='bbox 805 3136 841 3209; x_wconf 90' lang='lat' dir='ltr'>in</span> <span class='ocrx_word' id='word_1_203' title='bbox 866 3136 987 3228; x_wconf 74' lang='lat' dir='ltr'>primis</span> <span class='ocrx_word' id='word_1_204' title='bbox 1014 3132 1242 3211; x_wconf 68' lang='lat' dir='ltr'>rlfftmannur</span> <span class='ocrx_word' id='word_1_205' title='bbox 1264 3135 1337 3210; x_wconf 85' lang='lat' dir='ltr'>Bibl.</span> 
     </span>
    </p>

    <p class='ocr_par' dir='ltr' id='par_1_5' title="bbox 43 3229 1391 4098">
     <span class='ocr_line' id='line_1_27' title="bbox 43 3229 1334 3327; baseline 0 -25"><span class='ocrx_word' id='word_1_206' title='bbox 43 3268 48 3284; x_wconf 44' lang='lat' dir='ltr'>x</span> <span class='ocrx_word' id='word_1_207' title='bbox 132 3229 284 3303; x_wconf 78' lang='lat' dir='ltr'>&#39;Orient</span> <span class='ocrx_word' id='word_1_208' title='bbox 305 3248 392 3303; x_wconf 91' lang='lat' dir='ltr'>tom.</span> <span class='ocrx_word' id='word_1_209' title='bbox 412 3231 502 3317; x_wconf 64' lang='lat' dir='ltr'>tv„</span> <span class='ocrx_word' id='word_1_210' title='bbox 530 3231 588 3327; x_wconf 92' lang='lat' dir='ltr'>qui</span> <span class='ocrx_word' id='word_1_211' title='bbox 608 3232 808 3303; x_wconf 80' lang='lat' dir='ltr'>consulendi</span> <span class='ocrx_word' id='word_1_212' title='bbox 827 3236 913 3303; x_wconf 86' lang='lat' dir='ltr'>sunt.</span> <span class='ocrx_word' id='word_1_213' title='bbox 948 3233 1128 3322; x_wconf 72' lang='lat' dir='ltr'>Sclrvthae</span> <span class='ocrx_word' id='word_1_214' title='bbox 1145 3256 1279 3327; x_wconf 84' lang='lat' dir='ltr'>genere</span> <span class='ocrx_word' id='word_1_215' title='bbox 1291 3253 1334 3303; x_wconf 87' lang='lat' dir='ltr'>au·</span> 
     </span>
     <span class='ocr_line' id='line_1_28' title="bbox 130 3323 1331 3422; baseline -0.003 -23"><span class='ocrx_word' id='word_1_216' title='bbox 130 3323 290 3422; x_wconf 85' lang='lat' dir='ltr'>·tiquitus</span> <span class='ocrx_word' id='word_1_217' title='bbox 334 3326 496 3420; x_wconf 83' lang='lat' dir='ltr'>adpellati</span> <span class='ocrx_word' id='word_1_218' title='bbox 529 3330 606 3400; x_wconf 88' lang='lat' dir='ltr'>sunt</span> <span class='ocrx_word' id='word_1_219' title='bbox 636 3325 786 3412; x_wconf 70' lang='lat' dir='ltr'>Tartari,</span> <span class='ocrx_word' id='word_1_220' title='bbox 821 3327 877 3422; x_wconf 90' lang='lat' dir='ltr'>qui</span> <span class='ocrx_word' id='word_1_221' title='bbox 909 3326 1056 3400; x_wconf 88' lang='lat' dir='ltr'>fiuvium</span> <span class='ocrx_word' id='word_1_222' title='bbox 1090 3328 1168 3419; x_wconf 82' lang='lat' dir='ltr'>ejus</span> <span class='ocrx_word' id='word_1_223' title='bbox 1196 3324 1331 3417; x_wconf 69' lang='lat' dir='ltr'>nominis</span> 
     </span>
     <span class='ocr_line' id='line_1_29' title="bbox 138 3419 1391 3520; baseline -0.001 -27"><span class='ocrx_word' id='word_1_224' title='bbox 138 3424 395 3509; x_wconf 86' lang='lat' dir='ltr'>accoluerunt,</span> <span class='ocrx_word' id='word_1_225' title='bbox 435 3419 518 3494; x_wconf 77' lang='lat' dir='ltr'>dieti</span> <span class='ocrx_word' id='word_1_226' title='bbox 552 3445 688 3518; x_wconf 88' lang='lat' dir='ltr'>quoque</span> <span class='ocrx_word' id='word_1_227' title='bbox 719 3427 888 3518; x_wconf 82' lang='lat' dir='ltr'>Surnogli,</span> <span class='ocrx_word' id='word_1_228' title='bbox 925 3425 982 3496; x_wconf 88' lang='lat' dir='ltr'>seu</span> <span class='ocrx_word' id='word_1_229' title='bbox 1021 3425 1137 3515; x_wconf 83' lang='lat' dir='ltr'>Mogli</span> <span class='ocrx_word' id='word_1_230' title='bbox 1170 3420 1328 3520; x_wconf 81' lang='lat' dir='ltr'>aquatici,</span> <span class='ocrx_word' id='word_1_231' title='bbox 1388 3464 1391 3471; x_wconf 93' lang='lat'>·</span> 
     </span>
     <span class='ocr_line' id='line_1_30' title="bbox 129 3516 1328 3615; baseline -0.003 -27"><span class='ocrx_word' id='word_1_232' title='bbox 129 3540 220 3613; x_wconf 81' lang='lat' dir='ltr'>pars</span> <span class='ocrx_word' id='word_1_233' title='bbox 252 3516 414 3593; x_wconf 91' lang='lat' dir='ltr'>colluviei</span> <span class='ocrx_word' id='word_1_234' title='bbox 438 3518 607 3591; x_wconf 83' lang='lat' dir='ltr'>variarum</span> <span class='ocrx_word' id='word_1_235' title='bbox 635 3519 816 3593; x_wconf 87' lang='lat' dir='ltr'>nationum</span> <span class='ocrx_word' id='word_1_236' title='bbox 843 3521 881 3595; x_wconf 88' lang='lat' dir='ltr'>in</span> <span class='ocrx_word' id='word_1_237' title='bbox 907 3518 1072 3615; x_wconf 87' lang='lat' dir='ltr'>Schythia</span> <span class='ocrx_word' id='word_1_238' title='bbox 1105 3521 1193 3591; x_wconf 82' lang='lat' dir='ltr'>intra</span> <span class='ocrx_word' id='word_1_239' title='bbox 1227 3537 1262 3592; x_wconf 92' lang='lat' dir='ltr'>et</span> <span class='ocrx_word' id='word_1_240' title='bbox 1286 3532 1328 3586; x_wconf 83' lang='lat' dir='ltr'>ex·</span> 
     </span>
     <span class='ocr_line' id='line_1_31' title="bbox 136 3613 1327 3716; baseline 0 -29"><span class='ocrx_word' id='word_1_241' title='bbox 136 3618 192 3687; x_wconf 80' lang='lat' dir='ltr'>tra</span> <span class='ocrx_word' id='word_1_242' title='bbox 216 3615 347 3686; x_wconf 86' lang='lat' dir='ltr'>Imaum</span> <span class='ocrx_word' id='word_1_243' title='bbox 367 3633 533 3688; x_wconf 91' lang='lat' dir='ltr'>montem.</span> <span class='ocrx_word' id='word_1_244' title='bbox 582 3613 652 3711; x_wconf 87' lang='lat' dir='ltr'>Qui</span> <span class='ocrx_word' id='word_1_245' title='bbox 670 3639 788 3689; x_wconf 89' lang='lat' dir='ltr'>omnes</span> <span class='ocrx_word' id='word_1_246' title='bbox 813 3619 931 3713; x_wconf 87' lang='lat' dir='ltr'>populi</span> <span class='ocrx_word' id='word_1_247' title='bbox 958 3615 1145 3708; x_wconf 81' lang='lat' dir='ltr'>nuncupati</span> <span class='ocrx_word' id='word_1_248' title='bbox 1172 3615 1248 3689; x_wconf 83' lang='lat' dir='ltr'>lunt</span> <span class='ocrx_word' id='word_1_249' title='bbox 1263 3613 1327 3716; x_wconf 56' lang='lat' dir='ltr'>Mt:</span> 
     </span>
     <span class='ocr_line' id='line_1_32' title="bbox 138 3710 1389 3808; baseline 0.003 -27"><span class='ocrx_word' id='word_1_250' title='bbox 138 3710 207 3807; x_wconf 76' lang='lat' dir='ltr'>gli,</span> <span class='ocrx_word' id='word_1_251' title='bbox 233 3711 313 3782; x_wconf 82' lang='lat' dir='ltr'>alias</span> <span class='ocrx_word' id='word_1_252' title='bbox 338 3711 504 3801; x_wconf 87' lang='lat' dir='ltr'>Mogoli,</span> <span class='ocrx_word' id='word_1_253' title='bbox 536 3711 707 3804; x_wconf 86' lang='lat' dir='ltr'>Mogores</span> <span class='ocrx_word' id='word_1_254' title='bbox 732 3713 980 3807; x_wconf 75' lang='lat' dir='ltr'>Mogulenses,</span> <span class='ocrx_word' id='word_1_255' title='bbox 1014 3734 1159 3808; x_wconf 90' lang='lat' dir='ltr'>quorum</span> <span class='ocrx_word' id='word_1_256' title='bbox 1187 3710 1255 3801; x_wconf 91' lang='lat' dir='ltr'>illi,</span> <span class='ocrx_word' id='word_1_257' title='bbox 1282 3724 1324 3795; x_wconf 74' lang='lat'>(1⁰¹</span> <span class='ocrx_word' id='word_1_258' title='bbox 1383 3742 1389 3755; x_wconf 90' lang='lat'><strong>·</strong></span> 
     </span>
     <span class='ocr_line' id='line_1_33' title="bbox 138 3801 1391 3893; baseline -0.002 -13"><span class='ocrx_word' id='word_1_259' title='bbox 138 3804 180 3881; x_wconf 83' lang='lat' dir='ltr'>ad</span> <span class='ocrx_word' id='word_1_260' title='bbox 204 3801 352 3878; x_wconf 85' lang='lat' dir='ltr'>fluvium</span> <span class='ocrx_word' id='word_1_261' title='bbox 388 3803 482 3875; x_wconf 88' lang='lat' dir='ltr'>illurn</span> <span class='ocrx_word' id='word_1_262' title='bbox 516 3806 611 3876; x_wconf 87' lang='lat' dir='ltr'>sedes</span> <span class='ocrx_word' id='word_1_263' title='bbox 642 3806 831 3893; x_wconf 87' lang='lat' dir='ltr'>habebant,</span> <span class='ocrx_word' id='word_1_264' title='bbox 876 3833 1006 3882; x_wconf 90' lang='lat' dir='ltr'>nornen</span> <span class='ocrx_word' id='word_1_265' title='bbox 1032 3809 1239 3881; x_wconf 89' lang='lat' dir='ltr'>Tatarorum</span> <span class='ocrx_word' id='word_1_266' title='bbox 1262 3803 1325 3877; x_wconf 73' lang='lat' dir='ltr'>tule-</span> <span class='ocrx_word' id='word_1_267' title='bbox 1388 3821 1391 3834; x_wconf 89' lang='grc'>·</span> 
     </span>
     <span class='ocr_line' id='line_1_34' title="bbox 138 3898 1386 3996; baseline -0.004 -20"><span class='ocrx_word' id='word_1_268' title='bbox 138 3922 241 3989; x_wconf 90' lang='lat' dir='ltr'>runt,</span> <span class='ocrx_word' id='word_1_269' title='bbox 282 3901 339 3975; x_wconf 86' lang='lat' dir='ltr'>scd</span> <span class='ocrx_word' id='word_1_270' title='bbox 366 3898 457 3996; x_wconf 89' lang='lat' dir='ltr'>quod</span> <span class='ocrx_word' id='word_1_271' title='bbox 489 3898 572 3971; x_wconf 90' lang='lat' dir='ltr'>dein</span> <span class='ocrx_word' id='word_1_272' title='bbox 598 3902 755 3976; x_wconf 90' lang='lat' dir='ltr'>omnibus</span> <span class='ocrx_word' id='word_1_273' title='bbox 788 3903 917 3978; x_wconf 77' lang='lat' dir='ltr'>facium</span> <span class='ocrx_word' id='word_1_274' title='bbox 950 3904 1225 3989; x_wconf 86' lang='lat' dir='ltr'>estcornmune,</span> <span class='ocrx_word' id='word_1_275' title='bbox 1262 3912 1323 3973; x_wconf 75' lang='lat' dir='ltr'>cum</span> <span class='ocrx_word' id='word_1_276' title='bbox 1382 3920 1386 3933; x_wconf 92' lang='lat'><em>·</em></span> 
     </span>
     <span class='ocr_line' id='line_1_35' title="bbox 131 3991 1391 4098; baseline -0.005 -26"><span class='ocrx_word' id='word_1_277' title='bbox 131 3997 308 4098; x_wconf 71' lang='lat' dir='ltr'>*Chingius</span> <span class='ocrx_word' id='word_1_278' title='bbox 341 4018 485 4093; x_wconf 83' lang='lat' dir='ltr'>regnum</span> <span class='ocrx_word' id='word_1_279' title='bbox 517 3995 698 4083; x_wconf 86' lang='lat' dir='ltr'>fundavit,</span> <span class='ocrx_word' id='word_1_280' title='bbox 739 4000 776 4074; x_wconf 90' lang='lat' dir='ltr'>in</span> <span class='ocrx_word' id='word_1_281' title='bbox 818 4003 910 4084; x_wconf 81' lang='lat' dir='ltr'>quod</span> <span class='ocrx_word' id='word_1_282' title='bbox 946 4022 1068 4073; x_wconf 86' lang='lat' dir='ltr'>ornnes</span> <span class='ocrx_word' id='word_1_283' title='bbox 1104 3999 1181 4074; x_wconf 87' lang='lat' dir='ltr'>illos</span> <span class='ocrx_word' id='word_1_284' title='bbox 1212 3991 1322 4091; x_wconf 81' lang='lat' dir='ltr'>coegit·</span> <span class='ocrx_word' id='word_1_285' title='bbox 1383 4037 1391 4084; x_wconf 49' lang='grc' dir='ltr'>ρ</span> 
     </span>
    </p>
   </div>
   <div class='ocr_carea' id='block_1_3' title="bbox 128 4090 1391 4262">
    <p class='ocr_par' dir='ltr' id='par_1_6' title="bbox 128 4090 1391 4262">
     <span class='ocr_line' id='line_1_36' title="bbox 128 4090 1391 4262; baseline 0.007 -89"><span class='ocrx_word' id='word_1_286' title='bbox 128 4094 220 4175; x_wconf 68' lang='lat' dir='ltr'>Erat</span> <span class='ocrx_word' id='word_1_287' title='bbox 250 4115 365 4177; x_wconf 86' lang='lat' dir='ltr'>autem</span> <span class='ocrx_word' id='word_1_288' title='bbox 394 4090 561 4194; x_wconf 81' lang='lat' dir='ltr'>Chiugiua</span> <span class='ocrx_word' id='word_1_289' title='bbox 593 4117 638 4172; x_wconf 83' lang='lat' dir='ltr'>ex</span> <span class='ocrx_word' id='word_1_290' title='bbox 666 4118 775 4192; x_wconf 82' lang='lat' dir='ltr'>geute</span> <span class='ocrx_word' id='word_1_291' title='bbox 797 4098 1007 4175; x_wconf 79' lang='lat' dir='ltr'>Tatarorum</span> <span class='ocrx_word' id='word_1_292' title='bbox 1038 4114 1166 4215; x_wconf 70' lang='lat' dir='ltr'>ortus,</span> <span class='ocrx_word' id='word_1_293' title='bbox 1187 4095 1329 4262; x_wconf 46' lang='lat' dir='ltr'>sterpetal</span> <span class='ocrx_word' id='word_1_294' title='bbox 1385 4107 1391 4182; x_wconf 89' lang='lat' dir='ltr'>l</span> 
     </span>
    </p>
   </div>
   <div class='ocr_carea' id='block_1_4' title="bbox 0 0 1516 4806">
    <p class='ocr_par' dir='ltr' id='par_1_7' title="bbox 0 0 1516 4806">
     <span class='ocr_line' id='line_1_37' title="bbox 0 0 1516 4806; baseline 0 0"><span class='ocrx_word' id='word_1_295' title='bbox 0 0 1516 4806; x_wconf 95' lang='lat' dir='ltr'> </span> 
     </span>
    </p>
   </div>
  </div>
 </body>
</html>
