3022 4806
597 619 704 694 Secal.
732 618 820 694 XII.
846 697 865 712 2,
1241 646 1310 721 103

78 791 210 867 derant
240 794 427 887 Gallicani,
462 818 532 870 non
558 820 603 869 eo
627 797 688 875 fini
717 793 896 870 conditum
922 796 990 870 elle
1018 797 1229 893 symbolum,
1263 819 1303 876 ut

76 894 147 962 toti
174 915 431 988 proponeretur
455 892 646 980 Ecclefiae,
683 896 737 965 sed
765 896 970 982 Porretano,
1003 893 1038 965 io
1073 897 1228 988 pereni,
1261 899 1302 971 fi-

73 988 158 1058 dem
190 989 280 1063 suam
305 1010 533 1085 exponerent.
588 992 670 1088 Quo
696 990 854 1062 rnootllo
872 990 1034 1084 retponlo
1052 991 1132 1061 licet
1150 1013 1299 1064 eonten-

74 1086 101 1155 ti
130 1083 263 1156 luerint
292 1086 506 1172 (ardinales,
533 1085 748 1157 declararunt
776 1108 911 1170 tamen,
937 1087 1099 1180 seriptum
1124 1087 1223 1173 illaad,
1251 1088 1299 1181 fi·

72 1192 144 1254 deae
168 1185 353 1272 catttiaeat,
377 1198 531 1274 tanquam
556 1181 734 1276 irreaasalta
763 1188 852 1253 craia
877 1188 1059 1272 prolatata,
1093 1184 1178 1252 relat
1207 1205 1299 1256 atita·

72 1281 189 1440 retadtis
208 1282 344 1369 pandere
366 1301 500 1368 cartas,
538 1295 595 1370 pra
610 1280 755 1374 thaltalo
779 1283 812 1348 ia
846 1276 993 1370 Ecclesia
1039 1301 1099 1349 aaa
1132 1275 1192 1373 effe
1232 1280 1294 1354 lta·

73 1380 136 1446 lter
159 1398 223 1445 ata.

118 1465 152 1563 p.
178 1468 420 1542 LXXXVIII.
446 1466 559 1567 Quam
592 1468 737 1541 eandem
771 1467 862 1541 sedis
895 1467 1030 1564 Papalis
1063 1469 1296 1547 universalem

71 1566 300 1638 autoritatem
328 1566 385 1637 alii
409 1566 481 1638 hoc
503 1561 621 1657 leculo
645 1584 866 1658 agnoverunt
900 1586 1053 1637 autores.
1100 1568 1295 1642 Bernardua

73 1660 111 1732 in
137 1658 267 1732 litteris
290 1660 332 1733 ad
350 1661 595 1733 innocentium
615 1661 649 1731 ll
674 1716 683 1741 ,
711 1664 754 1731 de
771 1658 944 1732 erroribus
961 1663 998 1733 P.
1025 1663 1228 1750 abaelardi,
1256 1688 1294 1739 rn
1320 1660 1324 1666 ⁷

71 1755 220 1852 Synodo
236 1757 436 1829 Rhemense
458 1755 660 1844 damnatis,
674 1754 768 1828 inter
794 1759 879 1842 alia,
906 1755 1015 1842 dicit,
1042 1761 1086 1829 ad
1098 1757 1203 1846 scelera
1220 1760 1289 1832 Ra·

69 1874 203 1922 marrata
219 1849 390 1945 reserenda
414 1851 473 1947 effe
496 1854 636 1946 pericula
653 1875 813 1944 quaeqae,
839 1869 870 1923 et
886 1849 1047 1946 jiaadala
1075 1859 1167 1947 regni
1196 1857 1288 1946 Dei,

64 1951 243 2046 praecipue
267 1949 306 2019 de
321 1951 410 2044 fide,
436 1953 565 2041 dignam
587 1952 669 2019 enim
698 1947 777 2041 elli,
804 1953 850 2020 ibi
877 1946 1028 2042 resarciri
1049 1951 1167 2022 darana
1187 1952 1292 2045 fidei,

65 2046 126 2116 abi
150 2067 211 2116 ma
230 2039 330 2139 ptfflr
353 2045 440 2140 fides
461 2041 590 2138 sentire
617 2041 794 2136 deJ‘eelara,
829 2046 923 2139 qood
956 2046 1101 2139 aliquam
1133 2049 1290 2120 redolere
1408 2107 1413 2118 .

64 2139 213 2213 videtur
238 2140 326 2212 ledis
352 2139 486 2234 Papalis
517 2137 832 2224 infallibilitatem,
866 2134 953 2208 sicut
979 2158 1015 2208 et
1039 2160 1094 2234 ep.
1131 2163 1210 2228 190.
1243 2142 1286 2217 ad

63 2234 220 2310 eundem
252 2233 362 2323 dicit,
394 2233 456 2329 affl
478 2232 571 2330 sedis
604 2235 774 2306 Romanae
797 2239 1082 2325 praerogatiram,
1111 2256 1169 2307 aaa
1192 2236 1280 2332 paffe

64 2331 205 2428 deficere
244 2356 266 2402 a
290 2332 363 2420 fide.
398 2329 513 2424 Guiga
539 2353 666 2425 porro,
703 2327 899 2400 Cartlrulrae
927 2326 1068 2422 majoris
1092 2330 1214 2419 Prior,
1247 2334 1285 2407 in

64 2426 198 2504 litteris
220 2426 265 2499 ad
291 2426 559 2513 innocentium,
585 2427 646 2498 suo
670 2443 707 2496 et
742 2424 888 2496 fratrum
911 2425 1059 2496 nornine
1084 2424 1223 2519 l'criptis
1244 2427 1284 2502 in

63 2520 253 2597 Chronico
278 2520 569 2609 Mauriniacensr,
595 2521 705 2607 dicit,
730 2544 789 2591 aaa
812 2538 888 2613 part
913 2543 1000 2608 aaa,
1020 2518 1085 2614 sed
1103 2536 1190 2595 tatas
1203 2522 1286 2617 fere

60 2621 158 2695 arbit
180 2617 229 2711 est
251 2617 363 2710 Papae
385 2615 552 2706 diaecefis,
578 2632 614 2688 at
636 2617 719 2689 eaim
743 2617 834 2688 Deae
861 2640 965 2704 aaut,
991 2619 1160 2690 Mediator
1176 2643 1295 2711 atras,

52 2716 117 2816 sal
143 2736 226 2785 anas
251 2735 342 2802 etc.,
356 2711 411 2805 stc
435 2729 466 2785 et
490 2713 584 2808 Papa
611 2735 702 2785 anas.
753 2713 886 2784 Eodem
905 2710 1018 2783 tendit
1035 2713 1192 2786 doiirina
1210 2719 1275 2786 Po·

61 2810 211 2898 trionis,
235 2808 441 2883 Prumiensrs
465 2807 650 2896 Monachi,
677 2808 697 2880 l.
717 2809 778 2881 ΠΙ.
803 2810 839 2876 tle
849 2804 945 2899 slata
963 2809 1070 2879 dornat
1089 2809 1175 2895 Dei;
1201 2810 1285 2901 ubi,

61 2907 167 2981 inter
184 2905 268 2991 alia,
284 2904 395 2978 dicit:
422 2906 551 2977 divitiae
566 2905 742 2979 voluntatis
759 2901 984 2991 inllitatiaaem
1009 2907 1053 2973 ibi
1080 2901 1133 3000 (tn
1162 2904 1275 2998 Apos-
1326 2969 1332 2977 .

67 3001 184 3076 tolica
216 2996 313 3097 sede)
326 3002 571 3094 'principaliter
595 3001 682 3072 tradi
706 2996 873 3089 Eccleſsae
899 2997 1083 3085 Praelatis,
1118 3023 1283 3096 eatataqae

54 3095 229 3196 subditis,
254 3112 287 3171 et
301 3094 544 3191 firmamentum
567 3094 808 3191 dispensationis
835 3090 1002 3182 Ecclestae
1031 3098 1077 3166 iii
1089 3091 1281 3188 specialiter

63 3195 240 3281 collocari,
269 3217 375 3266 annes
396 3217 446 3266 res
463 3197 624 3289 majores,
649 3207 680 3262 et
704 3193 810 3264 amaia
832 3187 1047 3279 Ecclefiaram
1058 3195 1206 3286 jadicia,
1232 3199 1280 3270 ad

63 3313 165 3377 earet,
195 3287 286 3385 qaod
310 3291 353 3360 ad
382 3306 516 3363 tratrem
545 3304 578 3359 et
610 3301 727 3379 rapat,
764 3282 886 3377 referri
910 3287 1040 3373 debere,
1074 3291 1116 3357 ab
1139 3313 1177 3360 ea
1202 3291 1281 3386 aas·

61 3411 167 3481 qaam
191 3386 370 3481 adpellari,
394 3387 526 3481 judicia
552 3387 672 3480 ejasa
704 3388 825 3456 nemine
857 3384 1047 3469 retraiiari,
1082 3401 1140 3453 aat
1171 3386 1279 3472 refelli

60 3484 200 3568 debere,
223 3499 283 3556 aar
313 3479 405 3576 paffe.
461 3480 543 3552 Nec
563 3480 665 3552 aliter
700 3499 851 3550 mentem
889 3476 1038 3548 declarat
1072 3480 1276 3572 Anlelmus,

63 3577 365 3674 Havelburgenfis
389 3577 605 3672 Episcopus,
644 3572 681 3646 in
716 3572 859 3666 dialogis
888 3572 1049 3666 Eugenio
1085 3574 1146 3645 lli.
1182 3576 1277 3651 dica·

61 3675 110 3749 tis
143 3675 164 3750 l.
198 3675 262 3750 111.
293 3696 325 3748 c.
359 3694 415 3761 9.‚
443 3672 499 3746 ubi
534 3668 648 3755 addit,
690 3665 796 3743 solum
820 3667 1032 3740 Pontificem
1058 3668 1277 3766 Romanurn,

59 3770 148 3847 vice
171 3769 288 3851 Petri,
323 3791 448 3866 gerere
472 3766 586 3840 vicem
614 3763 758 3855 Christi,
792 3783 928 3837 ceteros
953 3788 1040 3836 vero
1076 3763 1275 3859 Episcopos
1397 3857 1404 3866 ,

55 3871 178 3943 vicem
204 3862 456 3963 Apostolorum
483 3862 544 3937 sub
572 3859 713 3935 Christo
738 3882 884 3957 gerere,
916 3860 1043 3956 jubere
1075 3865 1179 3934 etiarn
1207 3865 1275 3937 Ec·

52 3962 277 4041 clesrasticam
325 3963 512 4057 regulam,
552 3979 591 4031 ea
628 3956 757 4028 nullum
794 3956 922 4029 habete
956 3954 1146 4050 vigorem,
1187 3981 1275 4052 quae

47 4079 194 4160 praeter
219 4059 375 4138 Romani
408 4052 594 4134 Pontificio
625 4050 849 4224 1[parentiam
896 4049 1187 4146 praesumuntur,
1236 4052 1276 4126 et

687 4168 717 4240 4
1182 4165 1272 4239 quae
