3022 4806
164 553 236 641 »γε
291 663 294 669 ¹
557 544 860 649 musitatores.
883 506 1001 648 orne.

161 734 209 808 de
241 745 410 831 perpetus
450 746 471 801 a
506 725 667 801 carnibus
712 726 944 815 abstinendi,
961 802 965 811 ,
984 738 1135 825 excepta
1171 723 1288 801 morbi
1310 729 1393 802 'ne-

165 833 348 915 celsitate,
382 820 589 896 continuum
618 828 660 896 ab
692 828 904 898 exaltatione
926 823 1041 897 crucis
1073 823 1115 897 rd
1144 822 1269 919 pasena
1287 823 1390 918 jeju·

167 929 286 1014 nium,
314 942 378 1017 per
404 921 538 1014 septem
564 917 717 1008 menies,
750 945 770 993 a
796 920 887 993 festo
905 922 1021 993 crucis
1045 920 1313 1015 Septembrino,
1338 920 1383 993 li·

165 1028 241 1097 rteis
272 1013 412 1095 indusrir
437 1015 478 1087 ad
502 1035 640 1088 carnem
677 1023 852 1106 non‘uti,
889 1038 960 1090 etc.
986 1015 1150 1112 Quaruor
1172 1038 1259 1089 vero
1282 1012 1384 1089 annia

165 1119 243 1214 post
268 1114 439 1189 Ordinem
464 1110 659 1183 inllitutum
694 1114 784 1185 bona
809 1131 846 1185 et
862 1110 1110 1208 polieffiones,
1135 1113 1383 1207 quibusoam

162 1213 273 1311 gavisi
299 1225 419 1295 eram,
451 1206 678 1295 abdicarunt,
712 1207 900 1280 absolutam
923 1226 1187 1305 paupertatem,
1218 1229 1309 1305 quae
1331 1206 1384 1281 ni·

164 1312 216 1383 hil
236 1300 368 1404 proprii
382 1300 553 1396 poffider'e
572 1303 796 1399 permittebat
815 1304 960 1392 Ordini,
984 1304 1192 1399 elegerunt,
1217 1304 1258 1376 in
1277 1323 1381 1399 gene·

165 1405 227 1477 rali
254 1397 410 1495 capitulo
426 1398 603 1470 Bononiae
618 1399 740 1470 habito
764 1423 793 1472 a.
817 1420 923 1473 1220.
967 1399 1132 1494 Denique
1151 1399 1379 1494 praecipuum

161 1496 306 1574 Ordinis
329 1513 452 1566 munus
477 1513 552 1566 erar
573 1493 694 1590 discere
718 1510 749 1565 et
776 1495 896 1569 docere.
922 1496 1023 1566 Ibant
1038 1495 1157 1589 itaque
1174 1516 1241 1588 per
1259 1496 1374 1584 vicos,

160 1590 317 1679 castella,
343 1608 379 1661 et
396 1586 582 1678 civitates,-
608 1588 864 1684 praedicantem
888 1588 981 1662 unde
997 1590 1269 1665 Praedicatorurrr
1289 1592 1374 1665 Ordo

157 1683 354 1780 nuncupati
379 1682 465 1757 sunt.
516 1683 675 1758 Tandem
699 1684 731 1756 ei
758 1683 912 1757 officium
936 1684 1149 1779 inquisitionis
1172 1684 1374 1783 adjuretur

158 1783 230 1874 est,
258 1801 296 1856 et
322 1780 531 1854 Dominicus
557 1780 629 1875 ipse
653 1783 786 1873 primus
809 1780 878 1852 fuit
900 1782 1090 1877 lnqurfitor
1118 1782 1158 1854 in
1183 1784 1375 1877 provincis

159 1873 402 1964 Narboneoli,
428 1875 617 1947 autoritate
634 1875 836 1947 iunocentii
855 1878 943 1965 HL,
968 1897 1004 1948 et
1031 1876 1187 1951 Honorii
1214 1878 1282 1953 111.
1306 1878 1373 1955 Sed

158 1982 247 2050 duos
266 1973 374 2062 alios,
394 1989 532 2068 praeter
549 1973 662 2062 hunc,
681 1972 831 2044 Ordines
847 1971 998 2046 institnit
1016 1971 1250 2063 Dominum,
1267 1996 1373 2051 unum

153 2069 472 2157 Sandimtniolium,
503 2068 649 2141 alterum
671 2071 809 2141 militiae
833 2067 919 2161 Jesu
946 2069 1084 2164 Christi,
1117 2071 1162 2143 ad
1191 2068 1371 2146 Ecclesiae

153 2171 231 2266 jura
257 2166 484 2253 vindicanda,
508 2165 700 2238 haereticos
724 2165 993 2260 oppugnandos,
1018 2185 1056 2236 et
1072 2165 1207 2239 sacrum
1222 2164 1372 2243 tribunal

156 2261 341 2337 tuendum.
391 2261 461 2356 Qui
480 2261 578 2332 Ordo
594 2259 674 2355 post
690 2261 871 2334 Doruinici
890 2261 1043 2349 obitum,
1064 2284 1145 2335 cum
1161 2263 1268 2336 armis
1284 2285 1371 2339 con·

151 2376 203 2430 tra
227 2356 423 2426 haereticos
445 2376 532 2447 opus
557 2357 703 2448 amplius
729 2378 800 2425 non
824 2354 928 2446 effer,
953 2376 1103 2430 mutatus
1126 2357 1237 2433 estin
1262 2357 1368 2454 spiri·

150 2452 253 2528 tualis
275 2448 477 2520 devotionis
503 2449 695 2535 Ordinem,
721 2471 920 2548 nomenque
945 2453 1084 2547 accepit
1112 2451 1157 2524 de
1167 2459 1368 2547 poruirtrriae

151 2547 330 2622 Dominici.
363 2546 531 2615 Mortuus
546 2543 596 2615 est
612 2545 792 2619 Bononiae
810 2571 839 2623 a.
862 2572 989 2638 rann,
1016 2572 1053 2620 er
1068 2573 1087 2622 a
1106 2549 1287 2647 Gregorio
1303 2552 1366 2627 lh.

148 2640 346 2718 sandiorum
373 2639 533 2733 catalogo
556 2637 701 2712 insertus
733 2667 764 2714 a.
796 2666 899 2732 1224.
942 2646 1200 2718 Adtribuuntur
1224 2648 1366 2745 quidem

148 2739 215 2838 ipsi
238 2739 350 2836 aliqua
374 2735 524 2831 scripta,
551 2736 607 2808 sed
625 2759 728 2809 nemo
745 2738 984 2832 antiquorum,
1004 2743 1063 2837 qui
1082 2739 1158 2814 aeta
1175 2744 1365 2820 Dominici

94 2872 96 2876 ⁴
151 2836 567 2921 concinnarunt,eorum
588 2833 757 2909 meminit.
806 2837 983 2908 Antonius
999 2836 1176 2925 Senensis,
1204 2836 1243 2913 in
1259 2841 1362 2915 Ordi-

149 2935 202 3008 nis
225 2932 458 3014 Bibliotheca,
485 2928 571 3001 duos
595 2929 657 3025 ipsr
683 2930 741 3003 dat
768 2929 874 3004 libros
901 2952 1025 3015 contra
1051 2935 1281 3029 Albigenses,
1308 2933 1362 3010 di·

146 3025 255 3104 versis
280 3026 418 3100 vicibus
442 3025 478 3096 in
503 3024 623 3121 ignem
647 3026 849 3120 conjedins,
880 3029 936 3099 sed
965 3031 1007 3100 ab
1033 3027 1117 3125 igne
1151 3028 1366 3121 refilieutes3

145 3124 206 3200 sed
241 3122 366 3193 breves
399 3138 528 3191 tantum
565 3122 666 3195 fuiffe
697 3125 858 3195 videntur
878 3121 1075 3201 schedulae.
1106 3126 1214 3200 fidem
1242 3130 1366 3202 ortho-

145 3220 275 3312 doxam
286 3216 623 3312 contraAlbigenses
634 3220 859 3315 complexae,
877 3238 913 3291 et
926 3221 1044 3293 Petrus
1054 3222 1216 3312 Cernaii,
1234 3223 1276 3298 in
1286 3224 1365 3302 hist.

144 3313 408 3409 Albigeniium‚
436 3313 534 3385 unius
555 3334 690 3389 tantum
708 3317 872 3389 meminit
889 3317 1092 3406 schedulae,
1115 3316 1155 3391 in
1180 3318 1308 3414 ignem
1324 3322 1367 3397 fi·

143 3433 191 3486 ne
217 3407 366 3481 laesione
392 3406 521 3483 miliae.

187 3503 381 3612 lumb
426 3505 679 3579 Celeberrimos
710 3508 772 3583 hie
804 3507 902 3582 Ordo
936 3507 1042 3581 variis
1072 3509 1141 3584 fnit
1173 3509 1362 3610 inlignitus

141 3602 356 3687 nominibus,
384 3600 697 3676 Dominicanornm
717 3610 760 3678 ab
775 3628 916 3693 autore,
943 3606 1225 3683 Praedicatorum
1242 3633 1264 3684 a
1283 3635 1359 3688 mu·

139 3716 245 3785 nere,
288 3693 429 3768 fratrum
456 3701 580 3769 Bearae
607 3698 772 3788 Mariae,
799 3726 818 3773 a
847 3705 976 3775 summa
998 3702 1034 3775 in
1060 3728 1158 3793 eam,
1191 3727 1360 3797 tanquam

141 3789 282 3870 Ordinis
299 3792 569 3900 proteelricem,
595 3795 809 3879 deuotioner
834 3797 957 3885 rosario
975 3822 1114 3894 quoque
1130 3803 1225 3896 ejus,
1251 3805 1357 3899 cuju'o

136 3895 238 3989 supra
255 3888 418 3978 memtni,
443 3886 600 3962 instituto
623 3915 641 3961 a
660 3894 864 3965 Dominico·
899 3897 1079 3969 Generalis
1102 3898 1264 3989 Ordinis,
1318 3902 1357 3979 ui

130 3986 296 4068 universo
321 3985 478 4086 praeest,
519 3991 627 4061 etiarn
651 3986 823 4083 Magister
857 3990 930 4086 ejus
956 3990 1086 4084 didius,
1127 3995 1260 4094 primus
1285 3922 1360 4079 liris

155 4144 159 4151 .
1229 4093 1356 4168 Domi·

1008 4154 1026 4195 'd
