3022 4806
307 454 312 461 ι

228 470 232 477 ι

614 544 616 549 ⁴
657 584 765 666 Seras.
788 584 874 665 XV&
1292 608 1368 692 53‘9

136 765 265 847 clessae
291 759 386 839 scissa
413 785 454 838 ac
478 765 603 841 misera
631 765 814 859 conditio,
848 791 955 863 quare
979 764 1205 868 inquisitores
1227 768 1298 843 sese
1322 769 1366 844 ad
1462 811 1464 813 >

136 888 218 940 earn
249 861 506 958 exstirpandam
541 864 786 938 adcinxerunt.
836 867 1033 941 Gobelinus
1055 866 1203 940 Persona
1222 867 1260 939 in
1287 864 1364 960 Cos-

136 962 310 1034 modromio
350 978 485 1048 narrat,
524 961 639 1056 plures
668 964 762 1034 circa
794 982 825 1034 a.
865 985 970 1055 1414.
995 960 1066 1035 elle
1099 960 1300 1036 combustos
1324 964 1364 1037 in

140 1055 353 1152 'I'lruringia
403 1053 464 1129 Cui
488 1053 664 1130 consentit
689 1057 938 1133 Theodericus
963 1061 1073 1146 Une,
1106 1058 1144 1132 in
1164 1057 1248 1151 laist.
1273 1079 1362 1133 con·

141 1154 217 1227 cilii
241 1152 418 1224 Constant.
446 1151 535 1247 apud
561 1151 767 1242 Hardtium‚
802 1155 862 1251 qui
887 1146 992 1252 cap'ut
1016 1154 1129 1228 seclae
1151 1153 1188 1228 in
1213 1155 1362 1228 Germa-

142 1250 199 1321 nia
229 1250 313 1322 dicit
347 1246 450 1320 suille
485 1250 681 1322 Conradum
712 1253 880 1338 Fabium,
905 1253 962 1324 vel
986 1252 1116 1340 Smith,
1150 1252 1254 1346 paulo
1277 1268 1360 1322 ante

140 1346 226 1422 illud
252 1364 385 1438 tempus
410 1366 608 1432 mortuum,
645 1348 700 1419 vel
735 1346 970 1424 combustum.
999 1350 1061 1442 qui
1086 1350 1120 1420 se
1144 1345 1360 1420 Henochunt

140 1439 376 1528 venditallet,
409 1462 446 1512 et
478 1463 495 1511 a
529 1441 612 1512 Deo
645 1441 851 1537 potestatem
871 1444 1045 1539 judicium
1073 1442 1232 1517 ultimum
1261 1463 1360 1516 exer·

135 1539 249 1613 cendi
273 1535 458 1630 accepisse:
486 1535 578 1608 sorte
605 1537 685 1631 quia
709 1538 879 1629 adseruit,
905 1543 988 1613 illud
1015 1540 1053 1611 in
1077 1540 1282 1637 propinquo
1307 1537 1360 1611 es·
1497 1543 1502 1552 ’

140 1641 200 1724 le,
225 1655 261 1706 et
287 1633 453 1706 mundum
478 1630 637 1704 alanslis
654 1633 721 1706 elle
736 1635 977 1726 judicandum.
1003 1638 1191 1722 Ceterum,
1217 1634 1359 1731 rejeilis

141 1727 660 1821 Catholicorumopinionibus,
682 1751 720 1802 et
736 1730 875 1820 ritibus,
892 1729 1062 1805 censuisse
1074 1729 1260 1818 dicuntur,
1280 1757 1356 1820 eos,

137 1830 204 1929 qui
229 1824 381 1928 Symboli
405 1821 604 1917 Apostolici
628 1827 792 1899 articulos
823 1830 1027 1918 adsumunt,
1061 1830 1254 1899 orationem
1282 1828 1358 1898 Do·

139 1931 308 2002 minitant
334 1941 371 1990 et
395 1942 460 1990 ave
486 1919 599 1991 Maria
625 1920 727 2016 saepe
749 1923 921 2010 recitant,
948 1945 986 1997 et
1009 1921 1115 1997 certis
1134 1923 1353 2014 temporibus

139 2044 268 2118 corpus
301 2018 394 2089 suum
427 2013 619 2110 flagellant,
650 2016 686 2089 in
723 2040 869 2111 poenam
903 2041 1149 2113 peccatorum,
1176 2017 1357 2089 salvandos

141 2120 228 2194 elle.
276 2116 363 2190 Vrd.
398 2109 450 2183 Cl.
487 2110 671 2185 Moshem.
705 2112 783 2186 hist.
819 2113 882 2190 sec.
917 2116 1001 2187 XV.
1032 2117 1073 2186 ad
1099 2113 1160 2186 fin.
1197 2112 1266 2185 Sed
1294 2133 1360 2185 nec
1393 2165 1397 2171 -

140 2217 212 2291 hac
247 2212 382 2287 ratione
419 2205 591 2300 exstingui
634 2211 753 2303 potuit
789 2207 898 2299 secla,
939 2210 1018 2305 quia
1048 2210 1166 2303 capite
1196 2211 1357 2299 carebat,

142 2336 250 2410 quare
277 2304 499 2398 acephalorum
533 2303 676 2377 nomine
700 2302 863 2401 insignita
888 2302 957 2394 est,
983 2326 1021 2380 et
1044 2305 1280 2399 poenitentiae
1305 2296 1368 2375 es·'

143 2413 222 2486 sent
245 2407 318 2500 ejus
341 2398 490 2472 adseclae
516 2395 677 2486 studiosi,
712 2423 893 2497 prae-terea
915 2400 986 2474 sese
1012 2402 1054 2474 ad
1083 2422 1264 2476 externam
1290 2402 1359 2483 Ec·

143 2502 266 2581 clestae
300 2499 470 2582 sormam,
503 2495 590 2566 licet
614 2518 690 2568 eam
715 2498 938 2585 damnarent,
965 2499 1288 2586 conformaverint,
1316 2496 1360 2571 ad

141 2588 648 2702 persecutionemevitandam.
701 2593 877 2686 Accessit,
902 2594 1064 2668 homines
1083 2592 1227 2690 inhgnis
1242 2592 1359 2687 digni·

145 2699 252 2785 tatis,
273 2710 310 2763 et
326 2706 546 2775 autorrtans,
574 2686 698 2762 sesiam
716 2687 865 2779 fovisse,
891 2689 983 2762 inter
1000 2713 1087 2787 quos
1110 2688 1180 2762 fuit
1197 2689 1358 2761 Vincen-

143 2799 217 2869 tius
251 2786 442 2861 Ferrerius:
476 2781 521 2854 de
557 2805 628 2876 quo
658 2784 780 2881 supra,
811 2786 852 2857 ad
881 2793 984 2880 quem
1010 2781 1186 2877 epistolam
1219 2781 1358 2878 sctipfit

140 2892 321 2990 Johannes
353 2878 507 2966 Gerson,
539 2897 579 2952 ut
613 2903 692 2953 euna
716 2878 813 2952 hisce
840 2879 1040 2954 hominibus
1063 2876 1289 2968 subduceret,
1310 2895 1358 2952 et

140 2989 188 3063 ad
233 2977 430 3056 Concilium
467 2972 731 3050 Constantiense
763 2973 974 3066 adduceret,
1015 2973 1074 3070 qui
1104 2990 1140 3046 et
1169 2971 1357 3048 trattatum

143 3099 270 3159 contra
302 3075 393 3170 ipsos
417 3069 613 3162 composuit
636 3093 733 3164 oper.
760 3089 845 3145 torn.
871 3073 917 3146 ΙΙ.
965 3069 1146 3165 singulare
1169 3068 1242 3161 est,
1266 3071 1356 3146 nihil

141 3181 184 3257 in
214 3170 368 3250 concilio
398 3163 662 3240 Constantiense
685 3189 809 3242 contra
832 3189 895 3241 eos
919 3167 989 3243 else
1013 3165 1151 3257 aetum,
1175 3169 1257 3242 licet
1280 3171 1359 3246 lon·

142 3275 227 3372 gius
254 3266 367 3344 Hulso
397 3282 435 3337 et
466 3263 688 3358 Hieronymo
717 3287 737 3337 a
770 3261 971 3338 dominante
1002 3263 1176 3360 religione
1199 3261 1358 3338 discess'e-

141 3371 229 3445 rint.
281 3368 358 3438 lrno
390 3379 556 3433 renovata
588 3356 637 3431 est
666 3359 757 3432 secla
789 3361 906 3435 seculo
929 3362 1054 3449 XVL,
1080 3355 1178 3452 c'ujur
1202 3359 1358 3438 fautores

144 3466 220 3546 sese
245 3458 489 3560 praestiterunt
515 3454 685 3528 isenricus
701 3457 787 3545 lll.,
815 3456 946 3531 Galliae
963 3457 1065 3545 Rex,
1092 3452 1258 3530 Pontifex
1281 3460 1360 3535 Ro·

145 3585 295 3645 manus,
329 3554 467 3638 etalii,
499 3549 622 3625 frustra
644 3555 820 3626 renitente
845 3554 974 3627 Senatu
995 3547 1184 3626 Parisrenli.
1212 3552 1356 3632 Thoan.

146 3656 245 3739 Hist.
266 3657 288 3729 l.
305 3651 399 3725 LIX.
425 3649 543 3721 Oculis
567 3647 693 3736 etiarn,
720 3648 907 3724 sec.XV1.
931 3647 968 3724 in
992 3648 1116 3740 initio,
1134 3647 1276 3725 Nobilis
1294 3675 1360 3755 pe·

144 3754 344 3851 regrinator
383 3748 483 3818 M.a
516 3749 744 3842 Baumgarten
775 3743 942 3842 ejusmodi
970 3744 1180 3846 flagellantes
1211 3749 1364 3837 Cretae,

144 3855 191 3929 ad
218 3873 289 3943 300
315 3844 437 3933 usque.
475 3842 628 3916 Graecos
654 3862 691 3913 et
712 3841 876 3926 Latinos,
902 3841 1101 3941 usurpauit,
1127 3865 1277 3940 quorum
1293 3843 1356 3919 alii

147 3949 186 4027 id
220 3968 327 4041 genus
358 3938 599 4035 flagellationis
632 3939 668 4011 in
704 3938 938 4051 recomperfforn
963 3940 1124 4037 passionis
1149 3937 1277 4011 Christi
1301 3939 1362 4035 ju·

151 4046 305 4135 bebant,
337 4038 416 4134 alti,
449 4036 584 4136 majore
605 4054 752 4112 numero
765 4037 950 4130 prectoab
971 4034 1046 4117 dlis
1066 4032 1237 4143 condunt
1259 4033 1295 4108 id
1314 4037 1369 4119 fae'

144 4204 148 4211 .
704 4130 850 4239 Ylyya
1196 4129 1369 4233 nebron
