3022 4806
627 606 873 734 'accurato
975 660 978 667 ·
1285 667 1355 751 461

143 834 234 925 toti,
257 831 343 907 clam
370 831 406 906 se
432 831 681 909 subduxerunt.
724 833 809 907 Vid.
841 829 1036 906 Bonifatius
1063 833 1239 911 ferrerius
1271 837 1352 906 Cat·
1382 903 1386 907 .

142 928 336 1020 tbufianua,
370 930 408 1003 in
441 930 586 1003 trablatu
618 950 682 1024 pro
715 926 894 1023 desrnstone
925 930 1105 1017 Benedieli,
1132 931 1167 1004 in
1194 929 1351 1002 thesauro

138 1024 321 1102 Anecdot.
355 1026 539 1113 Martene,
572 1042 665 1098 tom'
696 1025 763 1104 11..
806 1025 862 1097 sed
897 1023 998 1096 nimir
1030 1022 1184 1098 addidios
1216 1025 1350 1118 Papae,

137 1143 293 1220 quocum
324 1118 466 1193 billoria
496 1117 728 1194 conciliorum
763 1116 953 1215 Hispaniae
978 1117 1165 1195 Cardinalir
1190 1119 1351 1215 D’Agui·

137 1240 203 1291 ete
235 1211 449 1288 conferenda
483 1212 544 1290 est.
593 1215 785 1307 Gregorius'
809 1237 893 1286 vero
918 1215 1262 1310 nusquam-invenire
1286 1230 1368 1309 po·f

140 1310 214 1395 tuit
242 1310 359 1383 locum
395 1331 460 1420 pro
490 1308 662 1392 concilio,
690 1328 766 1380 tota
790 1308 887 1381 italia
911 1309 984 1380 fere
1013 1311 1046 1381 se
1064 1309 1097 1380 ei
1123 1330 1347 1407 opponente,

140 1401 1258 1599 oniniucndiilgllli'lxiotgmediddd]titaldiusinieitirdcdldoconcilium
1287 1499 1331 1574 lta
1359 1450 1362 1455 Ι

134 1596 290 1672 bendum
306 1593 454 1690 paratis,
478 1593 685 1667 celebratum
701 1590 750 1664 est
764 1593 865 1680 Pisis,
891 1595 972 1665 loco
990 1594 1186 1686 apriffimo,
1217 1597 1252 1668 iu
1272 1592 1367 1668 He·¹

138 1687 268 1780 truria,
300 1713 332 1764 a.
362 1710 466 1779 1409.
500 1691 743 1760 Convocatum
777 1687 827 1761 cll
861 1710 879 1760 a
911 1689 1148 1761 cardinalibus
1171 1692 1349 1785 utriusque

137 1783 387 1872 obedientiae,
411 1783 579 1857 consensu
602 1784 740 1878 Regum
763 1801 798 1854 et
821 1781 1018 1878 Principum
1044 1783 1152 1856 totius
1178 1786 1253 1857 fere
1280 1788 1350 1858 Eu·

136 1902 271 1977 rupae,
303 1896 454 1974 excepto
479 1880 640 1972 Ruperto
672 1881 897 1973 Inperatore,
932 1881 991 1973 qui
1023 1879 1199 1970 Gregorio
1224 1880 1349 1953 adbae-

93 2060 98 2067 .
136 1979 253 2052 rebat.
301 1972 425 2062 Petiit,
451 1972 556 2047 miffis
571 1973 715 2068 legatie,
740 1976 814 2068 ejus
831 1971 1057 2062 dilationem,
1083 1975 1270 2069 propositio
1287 1999 1348 2047 va·

135 2070 202 2147 riis
225 2065 503 2157 difficultatibus,
537 2092 624 2164 quae
650 2088 769 2164 quarta
800 2069 943 2142 seffione
970 2070 1045 2140 sunt
1069 2068 1243 2143 discullae.
1291 2071 1348 2140 ln·

135 2163 358 2253 terfuerunt,
382 2184 517 2258 praeter
539 2165 691 2257 Legatos
714 2164 853 2255 Regum
882 2181 919 2233 et
945 2161 1165 2257 Principum,
1192 2163 1352 2236 cardina·

136 2262 192 2337 lec
214 2257 343 2353 viginti
366 2259 457 2348 duo,
481 2258 696 2332 Patriarchae
721 2274 889 2351 quatuor,
916 2256 1189 2352 Archiepilcopi
1214 2257 1360 2354 viginti·

137 2374 313 2457 quatuor,
352 2353 514 2450 Episcopi
553 2361 644 2441 182,
677 2352 802 2448 partim
837 2350 924 2446 ipn,
957 2353 1082 2445 partim
1118 2377 1183 2447 per
1204 2353 1350 2450 deputa·

139 2470 219 2541 tor,
250 2449 403 2524 nabatea
424 2471 552 2543 magno
576 2472 743 2536 numero,
767 2448 870 2519 etiam
886 2447 1152 2521 Academiarum
1169 2449 1351 2544 deputati,

137 2544 341 2630 uoueret,
368 2543 488 2618 etalii.
512 2543 685 2617 Praescdit
702 2541 886 2617 Cardinalis
903 2540 1141 2632 Pietavtenso,
1170 2547 1350 2643 utriusque

139 2638 287 2752 collegii
317 2642 501 2726 Decanur,
535 2657 571 2710 et
602 2638 732 2735 viginti
770 2659 835 2711 una
868 2637 1067 2712 sellionibus
1101 2639 1151 2713 est
1175 2642 1324 2715 absoluta
1335 2666 1353 2730 ς.

140 2735 221 2813 aeta
244 2735 438 2831 integriora
462 2733 531 2807 luci
557 2732 717 2830 exposuit
734 2732 958 2807 D’Acherius
978 2733 1013 2806 in
1033 2735 1196 2827 spicileg.
1214 2754 1300 2810 tom.
1317 2737 1349 2812 Ι.

140 2834 336 2909 Decretum
368 2828 417 2902 est
454 2853 484 2903 1.
509 2849 691 2925 utrumque
725 2831 872 2922 Papam,
903 2829 1131 2901 benedictum
1153 2850 1189 2901 et
1213 2832 1350 2925 Grego-

139 2928 258 3016 rium,
296 2926 426 3020 Papatu
466 2926 652 3013 excidille,
694 2922 817 2996 frustra
858 2922 1174 2996 contranitentibus
1210 2923 1352 3018 Legatir

141 3019 297 3117 Ruperti
325 3020 512 3108 Bavariae,
537 3022 596 3116 qui
624 3021 704 3093 Rex
729 3019 970 3093 Romanorum
995 3041 1014 3091 a
1041 3019 1160 3093 multis
1183 3022 1351 3114 agnosce·

143 3121 271 3205 batur,-
296 3114 355 3210 qui
378 3116 659 3205 contendebant,
683 3110 867 3188 concilium
899 3133 970 3185 non
996 3111 1064 3186 effe
1090 3115 1304 3210 legitimum,
1329 3139 1351 3193 a

138 3214 238 3308 Papa
265 3206 397 3309 quippe
428 3234 500 3284 non
533 3211 716 3296 madium,
746 3225 804 3283 aut
834 3206 1086 3301 adprobatum,
1115 3210 1253 3306 judicer
1277 3234 1351 3288 non

144 3308 219 3385 effe
251 3327 516 3403 competenter,
550 3308 629 3403 quia
664 3308 754 3395 Papa
786 3321 883 3376 erant
908 3299 1110 3392 inferiores,
1134 3324 1170 3380 et
1194 3306 1268 3400 ejus
1293 3306 1352 3380 ad·

137 3400 311 3491 .versarii‚
347 3400 406 3496 qui
438 3400 657 3476 obedientiae
688 3400 764 3494 ejur
785 3402 857 3494 jam
884 3415 964 3470 ante
990 3399 1156 3474 nuncium
1179 3398 1353 3480 miserant.

145 3518 217 3575 etc.
259 3520 293 3573 a.
318 3497 534 3584 cardinales,
557 3498 724 3591 aliosque,
749 3497 810 3589 qui
842 3495 1007 3588 Paparum
1032 3516 1147 3587 parter
1179 3497 1354 3573 sectaban-

134 3613 225 3683 ¹tur,
250 3592 320 3666 elie
344 3592 605 3668 exautorandos.
659 3615 690 3685 3.
715 3591 862 3664 Novom
886 3588 955 3661 effe
984 3588 1180 3682 eligendum
1201 3595 1326 3689 Papam
1335 3621 1352 3682 ,-

132 3691 210 3790 iqui
242 3708 281 3761 et
311 3686 421 3762 stante
451 3689 593 3784 Synodo
622 3686 749 3765 electus
781 3684 831 3757 est
863 3682 1069 3760 Alexander.
1102 3688 1173 3776 V.,
1207 3691 1250 3762 de
1281 3712 1352 3781 quo

143 3808 244 3864 mox.
268 3806 305 3873 4.
329 3787 455 3880 Papam
479 3784 627 3857 eledlum
656 3783 771 3856 omnia
795 3778 925 3876 Synodi
949 3779 1024 3856 atla
1047 3782 1246 3859 habitururn
1263 3803 1353 3869 rata,

137 3880 244 3969 ,quod
276 3898 314 3951 et
342 3879 451 3966 fecit,
477 3899 542 3953 nec
560 3875 810 3952 ‘dissoluturum
836 3875 1038 3972 synodum,
1064 3879 1128 3953 nist
1152 3876 1357 3951 reformatio

149 3973 326 4053 Ecclesiae
347 3976 385 4048 in
411 3976 536 4067 Capite
559 3993 595 4048 et
617 3971 780 4048 membris
802 3970 887 4044 esset
910 3973 1058 4066 peradla.
1110 3973 1214 4065 Quod
1239 3995 1356 4054 tamen

144 4064 320 4175 posteriue
343 4069 396 4148 est
416 4094 436 4150 a
458 4071 548 4168 Papa
570 4071 718 4245 dilatupI
734 4067 776 4138 ad
803 4066 1005 4161 sequentem
1024 4069 1221 4164 synodum,
1250 4066 1358 4177 trien.

145 4234 149 4239 .
726 4183 853 4258 mm3
1303 4185 1366 4242 no
