3022 4806
645 544 752 622 Serui.
778 544 881 627 XVI.

151 744 189 806 es
219 724 382 804 Clemens
405 723 469 799 IX.
520 722 686 801 Ceterum
712 742 783 802 tres
812 718 922 800 babiti
953 727 1032 802 sunt
1064 724 1102 800 in
1133 725 1208 824 ejus
1233 728 1370 805 laudem

137 826 349 914 sermones,
374 839 535 918 ternpore
558 818 829 898 beatificationis
843 820 919 916 ejus
940 847 961 901 a
978 821 1082 898 Paulo
1098 823 1170 916 V.,
1196 824 1256 921 qui
1271 847 1370 900 acer·

150 924 274 999 rimam
301 919 479 995 Sorbonae
500 919 678 994 &usuram
704 936 906 994 meruerunt
924 916 1163 1018 justillimam‚
1202 941 1282 995 curn
1309 922 1367 1020 lg·

149 1021 267 1095 nntius
295 1017 396 1112 supra
421 1012 550 1090 Mosen
580 1034 618 1089 et
641 1016 830 1112 Apostolos
858 1013 968 1090 suerit
997 1014 1033 1089 in
1067 1014 1242 1112 patrandis
1264 1016 1368 1094 mira·

147 1115 239 1193 culis
263 1112 407 1190 eversus
427 1134 498 1187 non
524 1128 677 1202 tautum,
704 1112 761 1187 sed
782 1133 828 1201 et
853 1112 959 1188 effata
981 1112 1026 1186 de
1050 1111 1190 1187 Christo
1215 1114 1279 1212 ipsr
1305 1119 1366 1190 ad·

138 1212 291 1310 plicita,
330 1228 370 1282 nt
394 1230 450 1284 ex.
482 1231 536 1307 gt.
560 1208 652 1304 quod
677 1209 770 1284 Heb.
796 1212 825 1282 1.
862 1209 1028 1299 habetur,
1067 1206 1232 1308 nauiffrm
1255 1228 1366 1297 aurem

147 1311 258 1383 diebus
283 1305 355 1402 istis
380 1307 505 1403 laturus
529 1302 576 1399 est
603 1307 694 1378 nobis
725 1309 759 1379 in
783 1304 868 1379 iilia
887 1306 950 1402 filo
979 1307 1133 1402 ignaria,
1175 1331 1265 1418 poem
1290 1320 1365 1385 rarl-

110 1450 114 1455 >
136 1407 252 1503 stituit
275 1402 442 1479 haeredem
462 1399 816 1498 uniuersorumVitam
836 1403 910 1497 ejus
936 1401 1070 1511 oppido
1094 1401 1193 1475 mults
1219 1405 1364 1480 concin-
1492 1469 1495 1475 .

147 1520 292 1591 narnnt,
327 1519 474 1595 quorum
499 1497 711 1572 celebriores
743 1499 817 1593 eJus
844 1497 987 1571 Ordinis
1012 1497 1090 1573 sunt
1112 1499 1364 1595 Ribadaneira,

146 1596 339 1693 Maffejus‚
363 1593 574 1670 orlandinus
590 1610 626 1667 et
643 1593 813 1670 dohours.
839 1592 953 1668 Fuisse
965 1612 1081 1667 autem
1100 1618 1180 1668 eum
1198 1620 1253 1670 ma
1281 1621 1366 1676 uum

135 1691 354 1782 fanaticum,
380 1709 463 1789 egre
489 1689 524 1800 ie
547 1688 600 1764 est
623 1689 778 1764 evidum
803 1690 845 1767 ab
870 1709 993 1764 autore
1014 1690 1235 1786 Enriufiasmi
1248 1621 1367 1772 deca·

136 1791 215 1887 fiae
239 1788 419 1863 Romanae.
506 1783 554 1857 td.
581 1786 735 1861 Clericus
758 1788 847 1861 Bibl.
876 1786 1093 1861 Universa.
1123 1795 1229 1869 1688.
1341 1802 1351 1849 1

192 1886 225 1986 s.
251 1885 416 1959 DLXIX.
453 1881 612 1976 Regulae
644 1882 850 1974 societatis,
892 1900 931 1956 ut
961 1882 1002 1956 ad
1033 1881 1178 1959 Ordinis
1212 1886 1366 1986 descrip-

138 1986 282 2060 tionem
306 1978 470 2068 veniam,
509 1979 626 2074 quales
649 1977 728 2076 post
753 1979 931 2078 synodum
963 1979 1209 2055 Tridentinam
1245 1985 1365 2075 vulga·

136 2100 198 2157 -tae
222 2078 322 2170 suut,
358 2073 581 2171 reperiuntur
605 2076 697 2173 apud
722 2075 988 2171 Hospinianum·
1016 2077 1062 2150 in·
1079 2075 1155 2152 hist.
1181 2079 1366 2175 Jesuitica',

135 2175 206 2252 -ubi
219 2174 290 2271 legi
357 2169 458 2248 ffunt.
507 2167 703 2248 Historiam
720 2171 864 2247 Ordinis
879 2170 978 2244 dedit
993 2193 1209 2265 accuratam,
1233 2195 1270 2249 et
1311 2194 1367 2249 ro·

142 2273 272 2362 lixam,
336 2269 398 2345 lias
423 2266 684 2359 Hasenmuller,
715 2268 791 2364 eJus
812 2265 962 2365 primum
994 2268 1156 2361 Ordinis,
1180 2270 1256 2349 'sed
1279 2199 1365 2349 dein

134 2365 332 2444 acerrimus
345 2363 475 2455 bullis3
508 2387 610 2455 quarn
625 2363 737 2439 edidit
753 2365 869 2462 Polpc.
892 2364 924 2436 L
951 2365 1065 2458 serus,
1089 2366 1202 2443 addita
1231 2367 1367 2466 praesa·-
1501 2421 1505 2429 -

137 2455 264 2553 sione,
294 2483 458 2555 &15954
508 2462 628 2538 Nobis
652 2463 770 2559 praeci
799 2486 841 2536 ua
865 2461 902 2535 su
934 2465 1046 2538 ecerit
1074 2463 1218 2541 notasse.
1270 2467 1366 2542 Con·-

136 2559 209 2635 slat
239 2558 338 2634 Ordo
360 2582 406 2634 ex
432 2557 599 2634 Generali
624 2575 662 2632 er
685 2558 753 2633 Pro
771 2556 856 2634 eliis.
909 2560 1081 2635 Generalis
1142 2560 1200 2658 qui
1224 2564 1365 2639 Rornae

141 2652 302 2748 residet,
321 2652 381 2742 sed¹
403 2651 476 2730 fine
498 2676 651 2754 pompa,
681 2673 719 2729 et
742 2652 880 2752 privato
903 2654 1042 2737 similis,
1078 2617 1139 2731 soli
1165 2656 1275 2733 subest
1301 2662 1365 2734 Pa·

141 2776 228 2866 pae,
260 2772 402 2826 etcum
436 2774 481 2827 eo
507 2748 581 2825 solo
611 2751 751 2826 confert
782 2749 951 2840 consilia,
990 2752 1166 2849 habetque
1194 2753 1366 2830 summum

140 2873 178 2927 m
209 2866 325 2922 toturn
351 2843 524 2922 Ordinem
556 2845 771 2933 dominium,
810 2846 865 2918 cui
896 2864 1045 2942 quatuor
1078 2868 1123 2920 ex
1146 2849 1366 2942 peritissimis

139 2942 318 3021 adsrstunr.
369 2942 426 3014 De
449 2963 521 3038 quo
544 2940 640 3015 resie
661 2940 734 3016 dici
758 2938 893 3039 potest,
958 2941 1027 3016 uod
1053 2945 1160 3018 etiam
1176 2946 1367 3025 'Generalis

142 3040 283 3116 cuidam
300 3035 423 3126 Gallo,
447 3036 558 3136 ipsum
576 3035 765 3126 invisenti,
794 3035 914 3111 dixisse
933 2965 1067 3128 denne,
1101 3063 1138 3115 ut
1165 3062 1279 3119 narrat
1302 3069 1364 3121 au·
1442 3078 1445 3082 ⁸

141 3156 199 3214 tor
220 3138 323 3234 prad.
348 3135 461 3210 marai.
487 3135 558 3211 vol.
586 3135 636 3221 1.‚
679 3156 721 3208 es
743 3134 798 3207 illa
819 3135 966 3209 conclavi
998 3152 1097 3211 totum
1123 3154 1287 3217 terrarum
1310 3166 1361 3216 ar·
1427 3171 1431 3180 ¹

139 3239 233 3324 dem,
260 3258 317 3324 ra,
338 3254 398 3400 gua
421 3255 511 3307 neena
536 3230 713 3326 intelligis,
740 3233 829 3304 moda
849 3233 1037 3324 gubernari.
1086 3236 1250 3311 Proxime
1276 3260 1364 3315 vero

140 3331 338 3407 Generalis
361 3326 484 3403 sociati
500 3327 578 3404 lunt
595 3325 762 3402 Praefetsi
773 3325 1057 3419 Provinciarum‚
1077 3331 1361 3430 eteolegiorom

136 3425 323 3505 Redores.
372 3421 531 3519 Profeffar
554 3422 666 3515 inter,
689 3424 750 3520 qui
775 3445 897 3501 omnes
911 3423 1004 3499 votis
1018 3426 1251 3526 paupertatis,
1275 3447 1363 3509 cors·

140 3522 338 3611 tinentiae,
361 3537 401 3594 et
418 3517 641 3595 obedientiae¹
660 3520 741 3596 sunt
763 3518 939 3614 adstrisii,
972 3522 1076 3621 aliqui
1112 3523 1191 3601 sunt
1216 3526 1363 3604 honora·

136 3619 269 3702 tiores,
294 3615 356 3714 qui
382 3620 494 3710 quarti
509 3614 590 3693 voti
617 3614 696 3692 suut
720 3615 885 3714 proseffi,
926 3633 962 3691 et
987 3619 1111 3694 lautius
1134 3621 1172 3694 in
1200 3621 1362 3701 domibus

140 3713 304 3818 proseffis
325 3709 501 3790 habitant:
541 3710 634 3810 qnod
660 3731 822 3886 Quartum
854 3729 980 3824 votum
1005 3715 1168 3792 continet
1193 3717 1361 3817 fingulare

141 3808 345 3909 obsequium
368 3808 481 3903 Papae
510 3809 665 3886 exhiben
692 3833 772 3899 um,
808 3827 846 3885 et
869 3833 928 3908 qut
952 3832 997 3885 eo
1014 3811 1122 3889 vinili
1147 3815 1245 3904 sunt,
1276 3815 1361 3902 fidei

214 4001 294 4082 tin
313 4002 458 4104 syuodo
483 4002 698 4089 Tridentine
727 4002 875 4182 dedii?
888 4003 972 4199 ΞΩ,
1003 4004 1163 4166 ἐυῑωαω
1189 4007 1379 4208 εοηιίιὶῖεὲὲ

138 3907 388 4086 ffiseffionem
414 3905 520 4000 jurati
546 3902 716 4002 praestare
731 3907 884 4001 debent,
918 3929 1007 3997 quae
1031 3912 1140 3984 totius
1157 3908 1362 4014 religionis,

1393 4246 1457 4512 l
