3022 4806
131 626 202 712 30⁸
519 601 666 703 [distenso
690 604 817 703 Ecclts.
842 610 955 709 Clarist.

125 791 236 868 'salsos
257 787 293 862 se
311 780 608 860 demonstrarunt:
632 805 738 882 quare
765 786 929 886 hyemem
948 788 1003 864 ibi
1022 790 1188 871 triverunt
1202 788 1359 879 erucia-

135 893 188 980 ti,
211 882 470 980 exspeelanres,
489 901 527 953 ut
544 882 687 954 Alenus
703 880 810 959 fidem
828 883 1030 984 praestaret.
1077 888 1157 992 Quo
1165 895 1240 991 ipso
1259 918 1353 971 tem·

163 1007 226 1059 ore
250 1004 305 1053 rer
327 980 429 1073 longe
452 978 552 1050 aliam
573 975 760 1051 induerunt
777 980 916 1056 sacient.
965 982 1115 1060 Alexim
1133 988 1267 1079 Ducat,
1284 989 1345 1068 cui

133 1010 356 1172 fllartwphli
384 1096 581 1169 cognomen
603 1071 692 1162 suit,
719 1097 765 1148 ex
784 1076 1006 1171 superatorio
1026 1100 1146 1156 cretur
1167 1084 1347 1182 sanguine,

138 1179 182 1254 ad
207 1171 386 1267 inperium
413 1168 604 1263 adspirans,
631 1167 847 1244 Graecorum
880 1173 1031 1262 animoa,
1057 1179 1115 1273 qui
1141 1199 1162 1252 a
1190 1180 1349 1274 Latinis,

135 1271 338 1371 quibuscum
360 1262 482 1337 foedus
514 1264 696 1362 pepigerat
721 1265 868 1340 Alexim
890 1267 1026 1362 junior,
1061 1292 1163 1346 eraut
1188 1276 1349 1353 alienissr·

134 1369 210 1453 mi,
233 1358 295 1435 fibi
321 1356 503 1449 devinxit,
528 1377 564 1432 et
590 1359 754 1434 Aletium
779 1362 937 1435 interae
960 1362 1109 1439 Latinos
1124 1371 1292 1445 concivit
1308 1372 1345 1446 li·

134 1461 315 1544 multater,
339 1454 428 1528 adeo
450 1474 488 1528 ut
510 1478 565 1530 rer
590 1455 688 1530 brevi
713 1456 752 1529 ln
775 1477 932 1553 apertum
950 1458 1075 1534 bellurn
1091 1463 1189 1536 iuter
1204 1467 1345 1543 latinor

135 1578 175 1634 et
200 1556 352 1629 Graecos
376 1550 552 1647 eruperit,
575 1550 657 1624 dein
678 1573 753 1624 rem
777 1574 822 1625 eo
848 1552 1010 1639 adduxit,
1037 1574 1096 1644 ut,
1124 1560 1260 1634 Alexio
1275 1584 1342 1637 car·

134 1652 209 1731 ceri
233 1647 381 1735 incluso,
408 1645 483 1742 ipse
508 1669 527 1718 a
552 1646 701 1742 populo,
726 1646 898 1720 seditione
915 1669 1116 1740 commoto,
1143 1654 1255 1730 fuerit
1269 1682 1339 1752 pro

134 1752 302 1827 clamatur
322 1743 525 1836 lnperator‚
551 1743 689 1835 quando
705 1739 867 1815 Alexiunr
885 1744 1079 1818 incarcere
1102 1753 1262 1845 propriis
1279 1777 1336 1827 nn·

135 1847 236 1923 nibus
258 1837 455 1912 trucidavit.
503 1837 586 1932 Quo
599 1834 637 1908 in
653 1834 741 1908 statu
756 1858 835 1910 cunr
852 1858 907 1910 rer
926 1837 1056 1931 essent,
1084 1844 1269 1937 Cruciati,
1289 1872 1335 1922 ur·

135 1946 220 2020 bem
250 1929 444 2010 incredibili
478 1930 608 2003 virtute
640 1929 779 2026 adgrelii
803 1932 903 2005 brevi
927 1954 1196 2031 expugnarunt,
1220 1944 1339 2018 Alexio

137 2042 239 2115 Dura
255 2029 359 2104 etiam
376 2027 457 2125 luga
475 2029 508 2100 se
527 2027 748 2102 subducente.
800 2028 897 2101 Urbs
911 2052 999 2101 vero
1014 2035 1181 2127 spoliata,
1204 2056 1243 2110 et
1260 2039 1337 2115 nihil

136 2157 211 2212 non
235 2123 387 2204 criminin
410 2128 447 2210 in
470 2145 508 2198 ea
524 2121 739 2197 conmissum
757 2121 817 2196 est.
869 2122 951 2197 Visa
967 2145 1054 2200 vero
1071 2128 1149 2202 sere
1164 2133 1340 2212 miraculo

138 2232 173 2306 sa
197 2225 248 2301 est
274 2224 361 2296 haec
382 2218 598 2316 expugnatio
615 2221 660 2292 ob
677 2217 776 2291 snum
793 2218 903 2307 urbis,
928 2236 966 2292 et
982 2224 1175 2300 inmensam
1195 2230 1341 2308 Graeco·

136 2346 214 2399 rum
238 2321 276 2393 in
303 2318 507 2424 europiam.
556 2313 748 2386 Censentur
763 2316 856 2386 enim
878 2315 963 2387 ultra
979 2339 1053 2405 400
1069 2321 1178 2396 millia
1196 2346 1344 2402 armato.

136 2440 215 2493 rum
239 2413 275 2485 in
299 2431 340 2481 ea
364 2406 483 2495 fuisse,
508 2409 556 2479 ira
580 2424 618 2478 ut
639 2430 706 2502 pro
724 2429 792 2480 uno
809 2409 1021 2505 adgressore,
1047 2413 1121 2486 fere
1137 2419 1284 2494 ducenti
1301 2422 1348 2499 es·

136 2514 234 2595 sent,
267 2503 326 2599 qui
350 2503 470 2573 urbem
498 2499 739 2575 defenderunt.
786 2504 925 2577 Praeter
948 2510 1054 2581 multa
1079 2509 1143 2584 alia
1176 2514 1288 2610 spolia
1311 2519 1347 2592 in

135 2602 344 2678 Latinorum
368 2617 486 2668 manus
503 2614 676 2669 venerunt
692 2597 808 2672 variae
821 2600 1006 2695 reliquiae,
1031 2607 1175 2698 quaein
1193 2610 1352 2691 diversae

135 2707 296 2794 Europae
310 2713 424 2790 parter
438 2691 535 2764 brevi
554 2691 629 2764 sunt
648 2692 744 2765 trans
788 2714 920 2767 reatae:
936 2697 1030 2770 inter
1046 2723 1127 2795 quar
1148 2728 1352 2784 memoran-

137 2821 194 2876 tur
218 2814 294 2892 pars
315 2808 466 2862 coronae
488 2786 628 2882 spineae
645 2789 727 2860 Chri
760 2789 790 2869 i,
815 2786 960 2862 frustum
983 2792 1067 2888 ligni
1089 2798 1230 2890 Crucis,
1255 2806 1350 2880 sacra

137 2893 254 3059 cuspis
275 2890 434 2972 lanceae,
463 2907 537 2979 pars
553 2884 754 2980 capillorum
773 2882 923 2974 Christi,
948 2910 1027 2960 cum
1046 2914 1133 2985 puer
1152 2896 1263 2985 esset,
1284 2902 1347 2973 ali.

139 2993 196 3089 qui
244 2985 288 3056 de
313 2981 445 3067 linteo,
470 3003 539 3075 quo
557 2981 591 3053 in
617 2978 771 3077 praesepi
798 2978 864 3053 fuit
879 2981 1077 3076 inplicitus,
1101 3009 1168 3063 una
1184 2992 1350 3093 Philippi

141 3075 303 3180 Apostoli
334 3073 446 3162 colla,
472 3099 549 3148 cnm
584 3077 659 3170 ejus
681 3077 807 3161 dente,
832 3095 934 3168 caput
957 3079 1125 3174 Jolrannis
1148 3085 1352 3183 baptistae,

139 3203 176 3258 et
199 3196 285 3271 quae
310 3169 389 3242 lunt
414 3167 537 3246 similes
561 3170 657 3242 aliae.
706 3172 870 3243 Ceterum
896 3174 1019 3246 rnanfrt
1042 3199 1212 3271 regnum,
1238 3186 1352 3264 CPoli

138 3292 242 3367 capta
265 3290 295 3341 a.
326 3285 452 3355 1204,
477 3288 585 3358 penes
609 3262 754 3336 Latinos
782 3266 951 3353 Francos,
975 3272 1127 3363 aprimo
1144 3273 1251 3373 Rege
1269 3280 1351 3356 nn.

138 3371 249 3451 duinn
281 3362 384 3458 usque
417 3361 458 3435 ad
492 3360 692 3433 Balduinunr
725 3361 980 3449 ll.a.1261.,
1011 3389 1075 3458 per
1100 3390 1208 3443 annos
1239 3375 1347 3471 quin.

139 3461 305 3568 quaginta
330 3455 435 3544 oiio,
468 3456 602 3553 quando
627 3481 646 3530 a
675 3455 820 3528 Graecis
844 3458 1046 3552 proditione
1071 3465 1148 3537 urbs
1165 3465 1218 3539 est
1241 3492 1348 3548 recu.

137 3577 269 3665 perata.
322 3551 514 3625 Historiam
539 3573 625 3623 vero
651 3574 694 3624 ex
712 3551 854 3624 Graecis
876 3551 1051 3648 descripsit
1079 3558 1228 3635 Nicetes
1245 3567 1343 3641 Chn-

138 3658 273 3736 niates‚
298 3669 343 3719 ex
366 3647 501 3720 Latinis
525 3647 805 3732 Vlllharduinue,
833 3646 942 3720 socius
965 3652 1218 3744 expeditionis,
1244 3657 1343 3737 inter

140 3750 326 3842 scriptores
352 3741 570 3835 Byzantinos.
619 3741 705 3816 Vid.
729 3741 833 3813 etiam
860 3741 1035 3818 Guntheri
1060 3752 1222 3824 monachi
1250 3756 1342 3833 Bali.

141 3843 279 3927 leensrr,
299 3838 448 3908 narratio
461 3836 639 3907 CPolitana
661 3836 698 3911 in
717 3833 837 3946 Antiq.
856 3836 1003 3915 Lexion.
1021 3844 1146 3919 Canisri
1168 3868 1255 3924 tom.
1273 3853 1290 3924 l
1296 3853 1344 3928 V.

189 3943 221 4043 §-
245 3931 455 4011 CCLXVll.
482 3935 571 4005 Cum
596 3955 683 4004 vero
706 3931 827 4025 reliqui
853 3934 1027 4026 Cruciati,
1054 3941 1166 4034 quiin
1185 3943 1347 4020 Palaesti.

136 4065 222 4129 mm
246 4029 461 4133 adpulerant,
488 4026 586 4104 triste
615 4027 726 4103 saturo
749 4026 797 4104 ibi
817 4032 954 4126 experti
976 4031 1131 4130 suerint,
1172 4057 1211 4112 et
1237 4044 1351 4117 maxi·

1259 4158 1356 4213 nram
