3022 4806
127 595 201 688 496
355 578 365 601 ’
508 575 657 678 Historia
680 574 810 680 Eccles.
834 575 956 682 mont.

135 766 377 867 reformatione.
424 760 549 857 Papam
583 758 742 834 concilio
771 757 903 835 subess'e
933 760 970 833 in
994 757 1071 851 loir,
1100 780 1184 856 qaue
1209 757 1308 851 fidem
1325 766 1355 826 rt

139 878 263 959 ltotum
287 855 453 951 Ecelrstoe
477 855 690 946 universalem
713 874 929 946 concernunt,
955 856 1127 951 probavit
1139 874 1297 955 'quoque
1310 851 1357 925 Si·

141 989 214 1037 mon
239 964 276 1033 de
303 955 497 1042 Crenoodo,
531 951 826 1051 rlrchiepiscopur
849 952 1080 1041 Rhetuenfir,
1115 972 1156 1025 et
1178 954 1264 1026 dein
1286 949 1358 1021 cn·

15 1134 20 1149 ,
143 1059 267 1134 dinalit
290 1053 499 1146 Presbyter,
525 1052 720 1122 membrum
745 1070 884 1145 quoque
910 1047 1010 1122 istius
1032 1049 1197 1145 synodi,
1221 1047 1261 1121 iu
1276 1038 1357 1141 epis·

148 1156 218 1228 tola
255 1152 301 1222 de
339 1151 452 1220 unione
494 1142 683 1236 Eccleſsoe3
718 1144 755 1217 in
787 1144 951 1219 thesauro
980 1146 1166 1219 Anecdot.
1200 1144 1358 1217 Martem

151 1273 241 1324 tom.
265 1246 310 1318 11.
343 1242 505 1315 Benediili
531 1241 704 1328 Gentioni,
732 1239 903 1315 Monachi
934 1239 970 1314 8.
995 1238 1185 1337 Diouylii,
1217 1256 1256 1314 et
1281 1237 1359 1310 Act·

147 1342 283 1421 demiae
307 1333 499 1412 Paristenlir
524 1335 567 1409 ad
591 1334 781 1410 concilium
805 1333 1073 1411 constantiense
1097 1338 1230 1432 legati,
1256 1331 1358 1429 supet·

147 1443 228 1515 sunt
262 1434 354 1527 apud
388 1429 515 1505 Hardt.
557 1432 579 1507 l.
616 1432 676 1508 eit.
710 1452 797 1505 tom.
831 1434 878 1507 ll.
912 1434 1036 1505 monito
1059 1432 1107 1506 de
1130 1432 1269 1507 concilio
1293 1429 1360 1500 cm

138 1526 324 1634 flantiense
346 1529 607 1616 continuando,
631 1527 755 1626 quibus
780 1529 1044 1626 Imperatorum,
1069 1548 1110 1601 et
1127 1524 1370 1687 Concilium*

151 1629 390 1727 generalium,
414 1621 623 1718 potestatem
654 1628 691 1696 in
725 1625 832 1718 Papao
854 1620 1008 1697 adstruit·
1056 1623 1159 1697 Inter
1186 1614 1333 1721 operail

150 1725 236 1801 colai
275 1722 313 1794 de
356 1721 552 1812 Clemongiir
588 1717 700 1792 exstat
738 1720 914 1814 disputatio
936 1720 983 1810 sn
1004 1740 1039 1790 er
1066 1723 1216 1802 materia
1248 1714 1358 1792 emilii

149 1819 340 1919 generalis,
373 1816 411 1888 in
440 1834 509 1909 qua
530 1831 568 1885 et
591 1814 680 1891 illud¹
699 1817 850 1887 occurrit
882 1813 955 1909 stug
990 1837 1073 1903 are,
1108 1817 1208 1914 quod
1240 1837 1284 1888 ue
1312 1830 1359 1906 gt·

156 1915 265 1992 nerali
302 1911 445 2010 quidem
489 1910 641 1982 concilio
682 1909 905 2006 privilegium
944 1909 1202 1986 infallibilitatir
1232 1911 1357 1984 tribunt·

158 2011 374 2087 Theudoricus
414 2028 554 2103 quoque
585 2009 622 2078 de
654 2009 772 2092 Nicon,
806 2026 942 2101 praeter
971 2007 1036 2080 alia
1070 2030 1206 2118 opera,
1241 1998 1360 2100 scripu

156 2128 304 2208 quatuor
339 2103 446 2177 libror
478 2103 521 2175 de
542 2101 723 2199 schismate
750 2101 956 2192 Universoli3
983 2101 1022 2176 iu
1049 2104 1178 2198 qubus
1205 2103 1358 2199 Papum

155 2203 374 2283 infallibilem
400 2199 619 2272 autoritatem
644 2198 809 2287 destruit,
843 2201 1107 2294 inperatorum,
1141 2217 1179 2274 et
1206 2194 1359 2274 concilio·

158 2323 249 2375 rum·
266 2299 303 2370 in
338 2298 443 2386 Papus
468 2294 676 2388 potestatem
705 2291 876 2367 defendit.
925 2295 1182 2382 Celeberrimos
1209 2296 1360 2393 Jurecon·

158 2397 266 2469 soltus
298 2389 455 2461 Nicoloos
504 2388 705 2483 Yndescloos,
746 2387 1041 2486 Archiepiscoput
1082 2391 1359 2473 Panormitanut,

71 2509 75 2517 ·
159 2487 344 2563 truiiatum
369 2505 508 2577 quoque
535 2483 578 2554 de
595 2484 829 2578 superioritote
853 2486 979 2558 concilii
1005 2487 1101 2578 supra
1132 2488 1266 2584 Papam
1288 2504 1359 2557 con·

157 2583 291 2687 poluit,
317 2579 359 2649 de
387 2599 457 2673 quo
481 2577 554 2648 vid.
581 2581 676 2651 Cave
703 2580 739 2652 in
764 2578 844 2653 hist.
868 2583 994 2670 litter,
1019 2578 1076 2654 sed
1104 2580 1170 2655 libi
1199 2607 1274 2658 non
1290 2599 1362 2653 con·

160 2680 237 2758 stat.
286 2673 372 2748 Vid.
405 2670 590 2747 L’Enfant.
622 2672 699 2748 hist.
737 2675 863 2751 Hullit.
900 2697 937 2750 et
969 2674 1107 2750 concilii
1134 2677 1235 2768 Balil.
1263 2674 1362 2774 p.'ll.

159 2775 324 2870 Denique
340 2767 448 2857 addo,
474 2769 625 2864 integras
641 2770 816 2859 nationes,
833 2791 870 2844 et
886 2772 1112 2863 Academias,
1124 2775 1277 2848 eandem
1293 2794 1365 2845 con·

161 2876 318 2948 ciliorum
355 2866 569 2962 generalium
601 2865 876 2962 superioritatem
909 2867 1108 2943 defendille.
1158 2864 1368 2961 Poristenfis,

162 2967 242 3071 post
279 2965 446 3059 Johannit
477 2962 611 3037 XXlll.
646 2964 786 3060 fugam,
819 2964 942 3037 obtulit
973 2965 1118 3060 Synodo
1179 2991 1219 3039 er
1243 2969 1368 3063 legator

159 3065 329 3162 politiones
352 3059 512 3130 duodecim
538 3063 626 3131 lianc
648 3058 682 3131 in
709 3082 802 3147 rent,
828 3059 970 3132 insertas
994 3059 1094 3132 Attis
1118 3063 1134 3133 1
1161 3060 1278 3135 ardtii.
1319 3062 1367 3132 ltu

163 3178 300 3256 qnoque
325 3156 460 3224 cenl'uit
486 3152 613 3227 illustre
636 3152 899 3245 Reformatorem
923 3157 1113 3249 collegium,
1140 3180 1188 3230 ex
1212 3156 1368 3232 omnium

163 3257 345 3330 nationum
376 3248 517 3321 eruditis
548 3247 650 3338 viris,
675 3251 765 3345 jullu
789 3253 931 3324 concilii
956 3250 1248 3341 Constantienfio,
1276 3276 1368 3327 com·

162 3349 332 3448 positum,
366 3344 458 3438 quod
489 3348 687 3418 communia
720 3345 763 3418 de
787 3345 1015 3439 reformatione
1040 3348 1202 3422 condidit
1215 3349 1368 3444 stmulo,

10 3499 14 3507 .
163 3447 246 3526 ibid.
273 3441 362 3534 apud
388 3439 536 3526 Harde,
561 3443 655 3513 inter
679 3464 766 3536 quae
790 3445 965 3531 occurrit,
991 3446 1114 3537 Papam
1140 3467 1214 3518 non
1234 3464 1366 3519 tantum

164 3536 310 3620 haeresis
336 3535 451 3622 eausa,
478 3536 532 3607 sed
560 3556 596 3609 et
621 3534 657 3608 in
674 3538 908 3626 aliiscasrbut,
936 3538 1063 3633 privari
1082 3541 1179 3633 polle
1199 3541 1369 3638 dignitate

167 3630 301 3730 papali,
337 3649 373 3701 et
405 3630 564 3704 conciliis
598 3631 728 3706 subelle
760 3635 990 3729 generalibus.
1038 3637 1136 3708 ldem
1165 3637 1255 3711 feeit
1279 3641 1363 3710 notio

168 3729 381 3810 Gerononicc,
405 3726 543 3812 oblato,
569 3728 706 3820 publico
730 3730 985 3802 Germanorum
1004 3731 1167 3820 nomine,
1198 3733 1303 3808 libello
1316 3729 1362 3803 de

165 3826 317 3908 articulis
352 3823 457 3914 juxto
497 3822 659 3895 decretum
693 3826 811 3921 Synodt'
850 3824 1099 3922 constantienfis
1132 3826 1368 3923 reformandis,

164 3924 249 4008 ibid.
275 3921 365 4010 apud
389 3915 583 3990 Hardtiutn.

212 4019 253 4130 l,
270 4013 465 4095 CCCCLlI.
491 4014 571 4094 Hae
598 4014 711 4093 theses
734 4018 779 4093 de
804 4013 948 4095 limitata
973 4037 1008 4094 et
1024 4018 1193 4114 inferiore
1210 4023 1377 4189 Rapppturu
