3022 4806
556 591 602 660 ’,
652 585 887 671 SecullsVl.
1290 602 1365 697 53,

147 778 267 839 antem
292 781 332 836 ea
358 759 471 857 capita
494 757 580 850 snt,
619 763 801 834 recensere
823 756 909 832 nihil
941 755 1097 850 adtinet;
1131 785 1209 860 eum
1225 790 1278 841 er
1305 767 1362 844 in·

149 858 394 933 stitutionibus
421 853 651 953 'fheologicis
676 856 755 929 latit
781 870 862 928 nota
883 853 959 926 lint.
1013 858 1161 949 Concilii
1176 860 1342 939 Tiidenti

146 957 183 1028 ni
216 955 374 1042 decreta,
401 951 522 1024 additis
545 953 656 1037 nutis,
683 952 750 1023 luci
771 949 932 1044 exposuit
949 951 1196 1049 Heidcggerus
1211 959 1246 1030 in
1264 964 1356 1033 Ana·

146 1067 229 1122 rome
251 1047 349 1122 istius
373 1048 529 1121 concilii.
578 1049 635 1120 De
660 1048 735 1141 ipso
761 1046 908 1119 cuncilto
936 1045 1055 1139 pollen
1073 1065 1130 1120 tun
1148 1053 1226 1124 loco
1243 1077 1356 1149 agam.

145 1145 221 1218 Etsi
246 1166 332 1217 vero
359 1143 394 1216 in
418 1138 566 1215 Ecclesia
596 1139 955 1215 &thelim-Romana
988 1143 1112 1215 nullum
1138 1144 1205 1219 fuit
1229 1148 1357 1223 deciri·

146 1262 212 1314 nae
232 1239 328 1313 causa
354 1236 496 1311 schisma
521 1235 669 1324 facium,
702 1237 947 1310 continuarunt
973 1257 1087 1310 tamen
1118 1261 1255 1316 veteres
1279 1244 1358 1317 liter

143 1337 236 1410 inter
263 1333 494 1408 scholasticos
518 1353 556 1405 et
582 1333 791 1420 monachos,
831 1335 1077 1405 novaeetiam
1110 1358 1186 1407 cum
1213 1339 1357 1434 Jesuitis

143 1450 288 1506 exortae
313 1429 410 1517 sunt,
435 1432 479 1500 de
503 1424 726 1524 quopostea,
750 1449 805 1516 et,
833 1426 923 1522 quod
949 1424 1008 1500 iric
1035 1433 1246 1521 notandum,
1273 1436 1353 1508 fun·

139 1528 303 1601 damenta
334 1523 410 1597 sunt
443 1523 669 1617 Jonsenisrnr',
709 1523 768 1621 qui
802 1544 853 1596 tot
888 1515 1002 1593 turtius
1035 1522 1201 1621 deinceps
1235 1531 1354 1619 dedit,

136 1622 230 1721 jadla
253 1642 316 1715 per
343 1615 593 1693 controversias
618 1621 792 1705 Balanos,
832 1641 918 1711 quae
946 1618 1043 1690 circa
1073 1641 1208 1715 tempus
1231 1625 1350 1699 conci·

140 1716 182 1793 lii
204 1714 430 1802 Tridentini,
471 1731 552 1785 ante
577 1733 613 1787 et
639 1713 735 1809 post,
775 1710 973 1808 viguerunt.
1028 1712 1179 1813 Quarum
1208 1718 1353 1794 historia

139 1814 263 1906 iraque
303 1810 363 1883 hic
401 1808 453 1882 est
485 1808 660 1883 tradenda.
703 1804 799 1882 'Vr'd
842 1808 1022 1883 nuvillrrna
1056 1811 1169 1883 editio
1204 1837 1351 1910 operum

137 1905 235 1997 Bali,
261 1907 321 1980 Du
336 1905 399 1978 Pin
415 1902 451 1977 in
473 1902 635 1978 Biblioth.
661 1921 686 1979 t.
711 1906 834 1991 xvi,
863 1902 1056 1976 Leideclcer
1073 1904 1151 1978 lust.
1178 1907 1347 2003 Janlenis

91 2085 93 2089 ,
137 1999 400 2088 mi1.1.,ubi
431 1998 692 2095 propositiones
724 2003 894 2085 Baianae,
930 2022 1017 2093 quae
1047 2002 1226 2075 damnatae
1255 2004 1356 2095 sont,

137 2097 367 2185 exhibentur:
391 2093 543 2188 denique
569 2094 703 2169 Baeliur
726 2094 763 2168 in
784 2095 870 2166 Lex.

190 2193 221 2292 §a
248 2192 417 2266 DXXXI.
450 2191 598 2264 Mitlrael
626 2191 753 2276 Baius,
786 2189 912 2285 Belga,
942 2187 1080 2263 Dod‘loc
1109 2213 1147 2263 et
1177 2190 1352 2268 Professor

139 2291 368 2384 Theologiae'
407 2283 653 2372 Lovaniensu,
685 2305 850 2357 necnon
883 2284 1110 2359 Cancellarius
1134 2288 1350 2364 Univerlita·

141 2389 211 2475 tit,
233 2384 341 2456 etiarn
359 2381 546 2476 inquisitor
563 2380 675 2476 Belgii
695 2377 895 2470 Generalis,
922 2381 1007 2454 vira
1026 2381 1170 2477 peritia,
1199 2387 1354 2480 pietate,
1434 2444 1439 2453 .

138 2504 180 2559 ct
213 2476 398 2566 modestia,
433 2475 524 2573 apud
555 2498 680 2548 omnes
710 2476 883 2562 laudatus,
913 2498 948 2549 et
971 2478 1139 2568 celebris,
1165 2480 1351 2559 defunctus

137 2602 172 2656 a.
211 2581 339 2666 1589,
361 2593 439 2645 una
463 2595 543 2644 curn
569 2573 727 2667 Johanne
755 2569 933 2663 Helleiio‚
960 2594 1031 2670 qun¹
1057 2593 1213 2670 tempore
1238 2576 1350 2653 senio·

138 2696 195 2753 tes
220 2672 400 2765 Collegae,
433 2666 592 2739 Ruardn's
618 2667 801 2762 Tapperus
826 2687 862 2738 et
885 2654 1270 2763 Jodocus'Ravestein,
1297 2673 1349 2747 es·

138 2771 217 2859 [ent
242 2764 415 2850 abstntes,
441 2761 484 2833 ad
508 2762 687 2858 Sjrnodum
714 2760 959 2834 Tridentinam
987 2762 1137 2858 ablegati
1158 2789 1188 2837 a.
1219 2788 1352 2856 1551.,

137 2864 282 2958 incepit
308 2884 327 2933 a
352 2857 522 2933 methodo
547 2857 767 2941 scholastica,
792 2875 877 2926 tunc
900 2877 1060 2966 recepta,
1087 2855 1286 2951 discedere,
1311 2880 1349 2938 et

137 2961 318 3054 antiquam
344 2952 550 3027 methodum
577 2951 811 3044 Theologiam
839 2947 992 3024 tradendi
1017 2972 1202 3042 revocare,
1230 2955 1350 3029 Theo·

138 3057 273 3150 logiam
304 3073 350 3125 ex
373 3048 551 3141 Scriptura
576 3070 611 3120 et
639 3045 814 3133 Patribus,
841 3042 877 3119 in
904 3045 1024 3141 primic
1048 3045 1264 3141 Augustino,
1290 3051 1349 3124 de·

137 3150 308 3237 rivando,
340 3166 421 3218 cunr
452 3162 489 3215 ut
516 3141 799 3223 Protestantibus,
830 3139 870 3212 ad
896 3163 935 3214 ea
957 3143 1131 3238 principia
1156 3169 1350 3237 provocan-

138 3242 255 3337 iibur,
286 3237 617 3326 onobtrudererur,
643 3258 715 3311 turn
743 3236 946 3330 Theologia
968 3237 1241 3331 angustinum,
1274 3244 1349 3338 pas·
1471 3254 1486 3266 ²

137 3343 205 3419 sim
238 3338 412 3425 obsoleta,
444 3354 678 3408 renovaretur.
729 3330 807 3498 qua
830 3332 964 3405 ratione
987 3357 1067 3408 cum
1094 3336 1253 3411 odiosum
1278 3339 1349 3414 sese

138 3456 182 3515 et
218 3432 382 3526 collegis,
417 3456 437 3505 a
470 3429 615 3503 Snodo
645 3452 809 3515 reverte,
842 3447 879 3500 et
911 3428 1167 3517 Franciscanit,
1202 3455 1350 3530 quorum

138 3553 265 3630 magna
291 3545 366 3602 erat
389 3525 422 3598 in
448 3456 567 3619 Belgio
594 3521 778 3610 autoritas,
811 3520 1059 3618 praestitiffet,
1082 3525 1249 3604 collectae
1271 3530 1350 3606 sunt

136 3628 339 3705 nondecim
373 3645 438 3718 pto
466 3618 626 3694 ositiones
656 3622 741 3693 Baio
771 3617 969 3710 inputatae,
1002 3638 1038 3694 et
1071 3620 1115 3695 ad
1135 3621 1354 3718 Sorbonam,

139 3746 184 3802 nt
219 3721 397 3799 censuram
439 3719 591 3801 obirent,
620 3713 758 3801 millae,
783 3712 877 3797 simul
902 3715 945 3787 ab
967 3737 1014 3787 eo
1039 3716 1190 3814 collegio
1210 3721 1352 3795 damna·

142 3807 223 3906 tae,
248 3817 335 3901 licet
359 3813 473 3887 forma
497 3810 655 3902 insolita,
680 3829 717 3883 et
741 3808 1007 3897 diffimulanter,
1032 3811 1081 3887 ita
1097 3833 1193 3887 utne
1209 3815 1353 3911 quidem

141 3914 323 4008 exemplar
354 3908 517 3984 censurae
549 3905 715 4003 consequi
738 3904 895 4001 potuerit
920 3904 1029 3984 Baius.
1068 3908 1210 4000 Scripsit
1235 3929 1353 3987 tamen

140 4014 187 4095 in
214 4030 293 4093 eam
321 4024 443 4098 noma,
474 4000 603 4104 quibus
631 3999 891 4176 proppsppiitpner
913 4002 987 4108 illap
1008 4001 1203 4083 demonstat
1224 4005 1360 4191 pomp?

1277 4216 1473 4520 ,l
