3022 4806
127 563 202 673 {³⁶
512 549 660 651 Historia
683 550 953 655 Ecclefircltrist.

132 740 212 841 Qua
241 730 372 809 ratione
398 754 462 831 per
485 730 765 830 quadriennium,
806 738 863 812 uel
889 732 1187 832 quinquennium,
1217 718 1353 810 'docuit

133 830 318 933 Lugduni,
344 826 535 925 multosque
559 828 648 903 secit
674 831 881 930 discipulos,
906 834 952 904 de
982 833 1083 943 ipso,
1124 851 1164 905 ut
1191 848 1357 928 putatur,

138 926 332 1027 Waldenses
357 922 640 1034 cognominatos:
667 927 726 1001 sed
741 929 802 1003 alii
826 930 896 1002 hoe
917 948 1046 1000 nonten
1066 927 1149 1002 tnde
1166 934 1359 1023 repetunt,

137 1026 232 1133 quod
254 1023 301 1111 in,
324 1020 481 1096 Valltboa
520 1021 790 1099 Pedemontanis
820 1024 988 1120 degerent
1031 1023 1104 1119 jaun
1137 1024 1364 1116 abantiquo

137 1126 212 1223 ejtu
234 1116 343 1192 see'lae
369 1114 569 1191 Christiani.
613 1118 732 1192 Valles
763 1121 978 1215 adpellantur
998 1117 1109 1211 iaus,
1142 1118 1240 1192 unde
1263 1118 1360 1190 Vau-

140 1223 229 1305 doit,
272 1212 473 1303 Vallenses,
515 1232 552 1285 et
577 1211 663 1286 hinc
687 1214 762 1310 ipse
792 1216 915 1289 Petrus
946 1237 1078 1290 nornen
1111 1215 1200 1290 oaldi·
1241 1211 1361 1287 tulisse

139 1317 301 1397 videtur,
341 1308 435 1402 quod
461 1331 539 1379 earn
571 1307 695 1383 scetem
727 1308 938 1407 sequeretur.
988 1312 1122 1406 Utique
1147 1305 1259 1383 fuine·
1278 1328 1365 1382 ante

138 1410 251 1509 ipsum
277 1404 315 1478 in
341 1399 424 1493 usu,
450 1426 494 1475 ex
514 1424 558 1477 eo
575 1402 705 1499 liquet,
730 1410 824 1501 quod
847 1409 885 1480 in
911 1402 1146 1494 eonfefflone,
1170 1428 1192 1479 a
1215 1406 1369 1495 Pietete⁸

139 1504 313 1599 inlucern
338 1498 533 1597 protraela,
567 1497 650 1574 illud
674 1504 879 1596 reperiatur.
919 1501 1078 1598 Reliqua
1101 1500 1265 1590 uomina,
1291 1498 1367 1573 live

144 1594 192 1677 iis'
216 1590 381 1695 pr'opria,
409 1594 479 1669 srve
506 1616 586 1667 cum
605 1594 852 1692 ,Albigenstbus
874 1595 1090 1684 communia,
1125 1595 1205 1669 sunt
1223 1594 1368 1693 praecii

138 1718 209 1796 pue
238 1689 426 1791 sequentia.
477 1690 667 1781 Leouissae,
701 1694 753 1799 pel
784 1695 956 1789 Pauperer
978 1693 1038 1801 ‘de
1070 1688 1265 1788 lugdono,
1291 1690 1372 1793 ads

142 1790 258 1966 tals
259 1785 859 1979 “aa².1¹.⁰.⁰.3a,lll⁶.l,ldli.
876 1805 1025 1955 §.ils
1047 1806 1368 1975 einsidl}

145 1979 468 2171 qqfenqaqqqs
501 1975 896 2169 illiberali&
926 1982 1377 2149 ”urraisidedu-

144 2102 233 2252 [ali
249 2154 355 2267 rq'e'dir'.
376 2122 546 2258 ataid-in
574 2154 676 2245 voce.
725 2172 839 2267 Quum
861 2167 969 2267 ipsam
1004 2169 1050 2239 ob
1079 2096 1215 2243 causat}
1240 2152 1374 2249 erist&

144 2262 285 2353 ritantur
306 2266 462 2341 Patarim'
485 2262 591 2351 dieti,
633 2265 712 2360 quia
738 2269 845 2339 multa
867 2263 1107 2361 patiebantur,
1132 2264 1189 2339 sed
1211 2266 1374 2360 rectius-,³

145 2364 225 2463 quia
243 2363 401 2434 haeretici
427 2361 659 2433 habebantur:
692 2380 737 2431 eo
761 2362 854 2433 enim
881 2361 1026 2433 nomine
1053 2360 1369 2460 secuto'superio·

146 2484 187 2535 re
211 2454 324 2530 notati
348 2452 424 2524 sunt
445 2451 665 2541 Mediolani,
697 2455 757 2548 qui
782 2455 996 2528 coelibatum
1021 2457 1243 2530 elericorum·
1260 2462 1371 2557 urge·'

146 2560 255 2641 bant,
288 2547 380 2621 unde
406 2545 449 2620 ad
479 2547 619 2641 quosvis
643 2549 777 2623 transiit
801 2552 1016 2624 haereticos:
1043 2552 1091 2623 uti
1121 2554 1162 2625 ad
1185 2553 1366 2632 illud's'ec.

145 2646 209 2737 suo
231 2647 312 2719 loco
338 2638 535 2716 observavi.
582 2643 765 2729 Boetiarn
789 2647 901 2719 tendit
937 2650 1125 2720 Ceterorum
1149 2648 1366 2744 epitheton,

146 2742 208 2831 cui
231 2759 383 2829 nornen,
416 2758 454 2813 ut
479 2755 644 2836 putatur,
678 2740 795 2813 Ketter
829 2742 1040 2838 respondet,
1074 2745 1119 2814 de
1148 2766 1220 2840 quo
1248 2744 1372 2821 etiarn

148 2849 202 2927 in.
222 2840 257 2914 su
286 2832 456 2910 erioribus
488 2833 557 2931 egi.
609 2834 773 2911 Ceterurn
804 2839 957 2928 Picardi,
991 2839 1204 2928 Lombardi,
1235 2840 1368 2917 'Bone-

150 2936 225 3027 nti,
251 2862 477 3027 ilibigenses‚
511 2929 669 3028 Bulgari,
702 2957 722 3007 a
745 2933 851 3024 locis,
877 2937 912 3006 in
929 2934 1052 3028 quibus
1068 2935 1259 3031 degerunt,
1287 2937 1374 3013 dic·'

150 3034 183 3109 ti
210 3030 310 3103 sunt:
337 3026 490 3120 denique
520 3024 728 3122 Turpelini,
760 3028 831 3101 sive
861 3030 1066 3123 Turelupinr‘,
1101 3032 1291 3127 praecipue
1325 3036 1367 3109 iu

151 3123 312 3204 flandria
343 3140 380 3193 et
414 3121 581 3211 Attesra,
622 3125 703 3216 quia
732 3125 848 3198 multis
883 3146 980 3197 erant
1013 3125 1160 3220 exposui
1191 3128 1363 3219 miseriis,

150 3222 265 3300 ansam
293 3216 480 3314 praebente
502 3219 717 3314 proverbio,
741 3217 788 3292 ibi
812 3220 956 3308 usitato,
990 3244 1058 3315 quo
1082 3220 1180 3296 liberi
1209 3224 1365 3299 Turelu-

158 3313 239 3417 pini
263 3314 569 3409 nuncupabantur,
601 3313 658 3408 qui
680 3312 830 3388 infelicis
855 3335 951 3388 erant
976 3315 1096 3407 sortis,
1129 3340 1149 3389 a
1183 3317 1264 3391 viro
1298 3318 1363 3395 ali·

177 3434 224 3489 uo
254 3408 492 3504 Turelupin0,
534 3426 636 3505 patre
666 3408 878 3500 liberorum,
920 3410 978 3509 qui
1008 3417 1134 3486 misere
1170 3414 1378 3509 petierant,

150 3441 241 3585 iud.
268 3506 460 3579 Beausobre
484 3502 527 3577 de
550 3502 750 3596 Ademitis,
781 3531 816 3603 p.
843 3510 888 3584 II.
938 3509 1007 3582 Sed
1034 3510 1251 3605 Turluprnos
1282 3514 1365 3586 eos·

154 3606 236 3681 dent
271 3599 372 3674 fuine
403 3622 445 3674 ac
464 3598 597 3692 fratres
630 3603 725 3674 sileri
747 3605 912 3695 Spiritus,
946 3604 1074 3702 eosque
1099 3605 1289 3693 fanaticos,
1325 3624 1365 3683 et

156 3694 338 3800 mysticos,
366 3698 541 3768 erroribus
572 3696 832 3790 Pantheistaram
858 3699 1013 3783 inbutos,
1049 3700 1233 3775 contendit
1257 3703 1364 3778 Mos·

157 3796 297 3878 hemiut
319 3788 395 3864 hist.
421 3789 490 3863 sec.
518 3791 638 3879 Xlll.,
664 3796 722 3888 qui
748 3795 791 3867 de
814 3793 870 3866 his
894 3797 1025 3869 consuli
1049 3818 1213 3872 meretur.

200 3893 235 3997 q.
260 3888 410 3964 CXVII.
438 3886 556 3982 Capita
572 3887 762 3975 haeresint,
780 3908 862 3960 ante
878 3892 1104 3982 recensenda,
1130 3917 1367 3990 quarneorurn

32 4061 36 4091 ,
131 3991 320 4093 ,originem
344 4002 379 4058 et
403 3981 472 4058 sata
492 4004 673 4073 enarrent,
695 3982 861 4078 suerum,
884 4007 924 4062 ut
952 4011 998 4063 ex
1021 3991 1121 4087 supra
1135 3990 1272 4066 citatis·
1286 4016 1384 4067 mo·a

1226 4109 1371 4163 numen·
