3022 4806
178 613 225 700 73
560 593 707 688 Hillnria
729 594 857 696 Eccles.
883 595 999 700 Christ.

213 806 285 860 atus
310 780 423 877 Papae
456 774 492 851 in
523 797 668 945 regnum
694 776 923 869 mitteretur,
954 774 1108 874 denique
1143 777 1274 854 electio
1294 780 1398 858 'Cleri

172 810 279 959 iores
296 879 419 964 libera,
444 875 539 947 etad
595 896 715 971 egem,
735 895 774 947 ut
787 877 1069 963 confirmaretur,
1093 872 1307 953 mitteretur.

233 978 266 1076 §-
292 972 460 1045 LXVlll.
488 970 554 1043 Sed
579 971 615 1042 in
641 973 747 1066 longe
771 973 971 1067 graviorem
992 968 1116 1045 incidit
1147 994 1230 1046 cum
1264 974 1293 1044 F
1297 973 1397 1048 rede·

187 1073 263 1147 rico
289 1063 485 1143 barbarossa
508 1068 831 1156 concertationem,
866 1066 1043 1164 postquam
1077 1090 1159 1140 eum
1196 1069 1397 1151 coronasset

189 1173 325 1245 Romae
350 1167 606 1256 inperatorem,
640 1184 677 1233 et
700 1166 743 1235 ab
769 1185 815 1234 eo
838 1163 1029 1236 honoratus
1052 1183 1094 1236 ac
1127 1164 1306 1238 beneficio
1338 1186 1397 1240 cu·

191 1266 337 1340 mulatus
360 1258 457 1330 ell'et.
505 1256 713 1346 Frederico,
739 1281 769 1331 a.
792 1280 897 1350 1154.
924 1257 1056 1331 ltaliam
1070 1259 1216 1354 ingente
1237 1283 1320 1333 cnm
1337 1282 1398 1336 en-

188 1366 301 1434 ercitu
331 1351 490 1442 intranti,
533 1353 623 1447 Papa
648 1355 717 1426 sese
746 1374 827 1425 aute
851 1374 920 1426 non
952 1352 1145 1442 commisit,
1184 1376 1287 1452 quum
1309 1355 1399 1452 jura·

189 1473 347 1530 mentum
377 1451 418 1521 de
445 1449 689 1520 conservandis
721 1468 758 1521 et
790 1446 1020 1522 defendendis
1054 1449 1183 1523 debitis
1207 1454 1320 1548 Papae
1343 1452 1399 1546 ju'·

189 1552 285 1625 ribus
308 1543 535 1641 praestitisset.
587 1541 668 1641 Quo
691 1543 854 1639 perasio,
880 1546 970 1639 Papa
994 1545 1060 1618 sese
1078 1543 1173 1642 Regi
1194 1542 1284 1621 stitit
1299 1567 1400 1646 prae·

191 1649 348 1732 sentem,
379 1641 459 1712 Rex
485 1639 639 1732 procidit
662 1641 805 1736 quidem
829 1640 871 1713 ad
895 1639 1002 1733 pedes
1023 1640 1116 1737 ejus,
1147 1639 1278 1738 eosque
1303 1639 1400 1716 dens·

191 1743 323 1817 culatus
346 1735 416 1826 est,
442 1736 498 1808 sed
517 1735 673 1829 stratoris
701 1735 855 1809 officium
881 1739 912 1805 ei
939 1737 1150 1833 denegavit,
1174 1736 1259 1811 licut
1277 1755 1316 1812 et
1337 1738 1400 1813 ua·

192 1863 237 1937 pa
256 1854 444 1932 propterea
462 1831 525 1923 ipsi
542 1830 693 1903 osculum
713 1829 824 1926 pacis,
850 1831 989 1925 Regem
1011 1831 1247 1923 contendent,
1276 1855 1322 1907 en
1338 1856 1400 1909 ve·

192 1956 268 2009 tere
285 1929 559 2013 consuetudine,
586 1923 655 1998 else
672 1927 877 2021 obligatum,
903 1929 1014 2022 Papae
1021 1925 1212 2023 stregunnt,
1237 1930 1297 2003 sen
1325 1931 1400 2028 sup·

192 2032 408 2127 pedaneum,
434 2042 576 2110 tenere,
601 2043 640 2094 ac
666 2020 818 2095 stratoris
852 2019 970 2094 officio
1000 2023 1119 2118 sungi,
1158 2026 1242 2099 dnm
1273 2046 1401 2121 equum

191 2123 466 2208 conscenderet,
491 2137 530 2190 et
553 2116 791 2190 descenderet.
845 2118 977 2191 Adnuit
1002 2117 1082 2192 dein
1104 2117 1211 2208 Rex,
1246 2119 1401 2218 illudque

219 2218 387 2306 raellitit,
412 2239 492 2290 cum
510 2235 631 2287 vetera
656 2211 874 2288 consuluisset
898 2222 1141 2299 monumenta,
1164 2213 1254 2290 teste
1276 2216 1401 2290 codice

233 2314 372 2390 aticano
403 2312 494 2404 apud
527 2308 722 2380 Baroninm.
769 2307 1017 2382 Praestiterint
1058 2309 1178 2406 ntique
1220 2313 1401 2407 snperato·

192 2432 248 2484 res
272 2423 309 2480 et
332 2410 470 2500 Reges,
494 2420 532 2474 et
556 2419 640 2474 ante
667 2403 738 2473 hoc
762 2420 919 2498 tempus,
945 2425 982 2477 et
1007 2403 1106 2500 post,
1131 2405 1233 2501 Papia
1250 2407 1327 2479 'hoc
1350 2402 1401 2480 of·

192 2505 333 2587 ficium,
366 2520 489 2592 eoqne‘
503 2496 578 2592 ipso
603 2493 674 2568 sele
699 2497 788 2592 quasi
813 2498 954 2572 vasallos
976 2524 1034 2573 aui
1059 2502 1212 2574 Clientes
1235 2496 1402 2597 Paparutn

220 2597 335 2671 roselli
364 2594 461 2683 snut,
486 2613 528 2665 nt
550 2591 667 2664 multis
690 2594 813 2668 docuit
848 2598 886 2667 C.
912 2595 957 2667 du
984 2594 1107 2668 Fresne
1130 2600 1170 2668 ad
1195 2595 1402 2672 Cinnamum

92 2768 95 2772 .
192 2626 289 2772 illst.
315 2690 373 2765 lib.
398 2689 471 2776 V.,
495 2687 551 2760 sed
579 2686 674 2760 simul
699 2688 893 2765 Caesaream
913 2709 949 2762 et
975 2692 1124 2786 Regiam
1150 2691 1402 2788 prostituerunt

193 2791 428 2888 dignitatem,
452 2802 490 2857 et
521 2781 764 2878 Majestatem,
790 2785 949 2859 uerene
974 2786 1128 2861 advertit
1162 2788 1402 2864 Cinnamusb

194 2890 258 2963 cit.
283 2885 366 2984 Quo
388 2878 502 2968 fano,
528 2902 606 2952 cum
631 2880 721 2973 Papa
746 2879 896 2955 Romam
924 2881 1087 2971 veniens,
1113 2904 1275 2956 coronam
1300 2886 1402 2980 nipe

188 2983 243 3061 rii
265 2984 399 3072 aliaque
424 2975 570 3072 insignia
593 2975 733 3070 accepit
760 2999 851 3050 anno
876 2979 974 3071 regni
1000 2996 1131 3071 quarto,
1166 2978 1267 3053 seculi
1303 2999 1403 3071 55to:

195 3098 238 3157 nt
261 3094 376 3150 narrat
409 3071 498 3144 Otto
531 3069 771 3167 Frisingeusis,
803 3091 839 3144 et
869 3073 941 3170 ipse
976 3071 1177 3147 Fiedericus
1208 3073 1245 3148 in
1281 3076 1403 3153 litteris

195 3178 239 3254 ad
258 3171 368 3270 ipsum
385 3168 538 3241 derebus
561 3192 581 3238 u
596 3166 637 3264 se
659 3165 777 3262 gellis,
802 3167 885 3243 ibid.
936 3169 1138 3263 inperator,
1167 3168 1226 3266 qni
1246 3173 1321 3266 jam
1346 3194 1403 3246 an·

198 3293 255 3346 tea
281 3273 415 3363 legatos
445 3263 646 3350 Romanos,
675 3261 738 3355 ipsi
761 3263 937 3359 inperium
964 3263 1174 3357 offerentes,
1200 3272 1309 3340 modo
1335 3268 1403 3361 pri·

199 3364 325 3461 vilegia
349 3359 590 3444 confirmaret,
616 3360 806 3449 repulerat,
825 3359 989 3433 militibus
1011 3383 1171 3456 quoque,
1200 3384 1244 3435 eii
1262 3363 1403 3438 consilio

189 3469 334 3559 -Papae,
367 3457 491 3541 missis,
526 3455 582 3550 qui
604 3452 777 3527 Basilicam
802 3458 838 3529 S.
866 3458 981 3546 Petri,
1006 3476 1043 3527 et
1065 3457 1249 3530 civitatem
1274 3456 1403 3534 Leoni·

199 3584 280 3636 nam
303 3570 540 3648 occuparent,
572 3552 715 3623 rebelles
749 3552 929 3627 Romanos
953 3575 1036 3625 mox
1060 3551 1097 3626 in
1125 3551 1283 3625 ordinem
1307 3556 1404 3628 rede·

198 3655 271 3758 git,
295 3649 424 3743 aliaque
444 3646 615 3745 praeclara
639 3647 676 3720 in
701 3645 826 3722 itinere
847 3648 966 3746 geffit,
990 3670 1033 3723 ac
1058 3648 1100 3722 ad
1118 3647 1265 3744 proptia
1281 3647 1330 3723 stc
1352 3660 1404 3726 r'e·

197 3751 277 3832 diit.
328 3744 464 3841 Quibus
489 3742 636 3836 pacifice
661 3743 826 3837 perabiis,
866 3743 982 3840 gravis
1006 3744 1121 3818 subito
1145 3748 1342 3819 intereunt
1366 3762 1404 3822 et

195 3855 321 3944 Papam
347 3860 423 3912 orta
447 3836 497 3910 est
521 3839 726 3910 contentio:
758 3839 856 3932 eujus
887 3837 1026 3913 historia
1049 3864 1092 3914 ex
1119 3837 1302 3914 Radevico
1329 3842 1404 3919 Fri·⁴

197 3936 340 4042 fingensi
367 3935 565 4018 Canopico,
606 3951 642 4004 et
672 3935 852 4006 Ortonea
884 3935 918 4009 S.
945 3936 1053 4010 Blasio
1084 3936 1120 4006 in
1147 3936 1341 4035 adpendice
1361 3939 1404 4029 ad

191 4047 367 4125 ottonem
390 4025 660 4128 Frisingensem,
685 4026 875 4129 praecipue
899 4034 1051 4130 petenda
1072 4026 1135 4105 esta
1203 4075 1404 4226 §innx-
