3022 4806
658 590 764 666 Serui.
789 591 877 667 XII.

153 763 219 841 ille
242 765 317 841 hoe
339 761 476 854 seculo,
501 765 559 864 qui
587 766 622 841 ei
646 766 959 857 contradixerunt,
984 767 1036 842 uti
1062 768 1097 842 in
1127 767 1273 865 Anglia,
1299 770 1385 850 Hir

147 864 295 952 beroia,
320 862 485 950 Polonia,
510 862 700 953 bohemia,
720 887 756 936 er
776 865 980 953 Germania3
1006 864 1146 938 testibus
1160 869 1369 962 populorum

139 958 286 1033 illorum
320 959 510 1034 Annalibus
538 979 574 1031 et
609 960 810 1034 Ilistorr'eis.
862 961 970 1056 Supra
1008 961 1043 1035 in
1077 964 1148 1036 vita
1181 961 1369 1037 CoelestIni

146 1055 338 1130 memoravi
375 1053 585 1148 legationem
613 1079 803 1152 propterea
830 1054 867 1127 in
897 1056 1074 1131 Poloniam
1100 1075 1138 1128 et
1158 1058 1366 1133 bohemiam

148 1153 293 1226 milliar.
342 1150 384 1221 In
415 1149 530 1222 Dania
564 1151 666 1223 soille
699 1152 896 1224 sacerdotes
933 1173 1120 1241 uxoratos,
1154 1175 1200 1226 ex
1231 1154 1369 1225 Saxone

150 1246 393 1323 Grammatico
417 1243 571 1334 constat,
605 1247 710 1320 etde
742 1249 930 1320 Germania
966 1271 1011 1322 ex
1043 1249 1184 1325 Abbate
1217 1250 1367 1343 Url'per·
1472 1324 1475 1337 ,

146 1343 266 1440 genle.
317 1344 405 1414 Cum
429 1362 517 1413 vero
542 1342 579 1414 ln
613 1342 845 1416 Lateranense
882 1343 910 1418 I.
945 1345 1101 1419 concilio
1136 1341 1196 1417 sub
1231 1339 1369 1417 Callisto

145 1443 195 1514 II.
239 1441 424 1522 decretum
464 1458 587 1510 contra
627 1439 839 1512 Clericorum
884 1437 1023 1533 nuptias
1070 1441 1155 1516 eslet
1202 1437 1366 1530 fartum,

143 1555 256 1706 poeta
298 1533 432 1629 Anglus
469 1532 556 1606 haec
594 1534 755 1609 cecinisse
792 1531 941 1607 refertur
980 1559 1000 1610 a
1041 1536 1166 1612 Balaeo
1217 1537 1363 1612 Centur.

249 1824 280 1895 0
305 1822 381 1893 botre
407 1819 536 1894 Caliate
560 1845 642 1895 nnnc
666 1825 767 1895 omnis
791 1825 899 1896 clerus
923 1825 989 1894 odit
1014 1840 1056 1896 tt.

292 1917 464 2017 Quondam
487 1919 675 2013 Presbyteri
695 1936 843 2010 poterant
869 1925 1021 1994 uxoribus
1046 1924 1105 1994 riti.

242 2017 315 2087 Hoc
338 2011 543 2106 destruxisti,
564 2024 725 2108 postquam
753 2037 788 2086 tu
814 2017 905 2105 Papo
921 2013 1040 2107 suisti.

294 2112 384 2202 Ergo
412 2124 503 2181 tuum
527 2114 639 2182 merito
664 2133 773 2182 noiirtn
797 2113 915 2182 liabent
939 2115 1020 2185 odio.

146 2322 150 2327 ’
191 2303 224 2404 §.
249 2301 383 2377 XCIV.
415 2301 644 2395 Inceperunt‚
679 2317 717 2372 ut
742 2298 785 2371 de
808 2298 994 2396 Disciplina
1019 2298 1145 2396 aliquid
1178 2304 1366 2391 moneant}

142 2402 219 2474 hoc
250 2399 365 2473 seculo
394 2397 571 2469 tribunalia
604 2393 842 2468 Ecclesiastica
869 2395 1104 2492 Episcopalia,
1136 2397 1178 2468 ad
1204 2418 1360 2471 normam

122 2499 264 2593 legum
304 2492 464 2566 ciuilium
503 2491 558 2563 vel
591 2491 853 2581 Romanarum,
899 2516 1017 2565 verant
1046 2492 1174 2588 judicii
1213 2493 1360 2566 sormam
1453 2575 1456 2581 ,

140 2591 334 2679 habentia,
373 2587 499 2661 tritura
529 2585 655 2659 forensi
690 2586 799 2662 caufis
829 2608 866 2660 et
896 2587 1144 2661 controversiis
1176 2587 1359 2662 Ecclebas·

142 2687 231 2762 titis
252 2686 445 2761 adtributa:
479 2681 572 2755 fimul
598 2681 790 2755 introdneii
822 2684 899 2757 sunt
924 2685 1053 2758 Viturii
1085 2683 1359 2778 Episcoporum,

143 2783 272 2882 quibus
294 2778 519 2856 contentiosa
539 2777 625 2851 baec
646 2777 840 2871 jurisdiblio
866 2783 908 2852 ab
932 2779 1119 2876 Episcopis
1144 2777 1194 2851 est
1216 2779 1357 2852 deman·

142 2884 245 2969 (lata,
279 2874 452 2950 nonnullis
477 2891 604 2946 tantum
630 2874 808 2969 Episcopo
833 2876 1026 2952 reservatis.
1073 2874 1130 2947 Ad
1154 2894 1255 2969 quarn
1280 2895 1396 2949 nor·.

141 2980 237 3052 mrim
262 2973 447 3062 deinceps,
486 2991 646 3064 tempore
672 2969 947 3044 Reformationis
971 2971 1038 3044 sec.
1064 2970 1189 3059 XVI,
1215 2968 1357 3042 consur·

141 3090 238 3148 mata
261 3070 358 3159 sunt,
382 3066 430 3141 stc
452 3064 563 3155 diota,
591 3062 798 3161 Conststoria,
827 3085 984 3162 tanquam
1007 3065 1187 3139 tribunatia
1208 3067 1356 3140 Ecclest·
1394 3152 1398 3163 .

141 3167 249 3244 attica
280 3161 562 3240 Protellantium.
623 3162 705 3235 Vid.
733 3161 906 3235 Boeltmar
931 3165 1003 3258 Jur.
1030 3161 1163 3237 Eccles.
1190 3161 1211 3235 l.
1239 3164 1266 3237 l.
1293 3164 1350 3238 tit.

142 3262 321 3339 XXVIII.
369 3260 592 3330 Invaluerunt
617 3256 756 3353 quidem
779 3260 846 3331 sec.
864 3257 931 3332 IV.
949 3260 1075 3355 juditio
1093 3257 1354 3351 Ecclesiastica,

142 3360 205 3436 sed
218 3358 345 3455 quibus
359 3353 423 3450 ipsi
442 3352 673 3446 praesidebant
689 3353 878 3449 Episcopi,
905 3353 1100 3430 neccausas
1124 3351 1263 3445 civiles,
1288 3355 1352 3430 nisr

142 3478 209 3554 per
228 3454 375 3528 modum
400 3453 531 3523 arbitrii
555 3448 762 3523 tractabant:
797 3449 855 3522 sed
878 3470 988 3532 nune,
1023 3452 1063 3524 ad
1088 3472 1244 3522 normam
1268 3473 1352 3546 pro·

137 3551 245 3631 celius
266 3547 404 3642 civilis,
426 3544 526 3620 aliam
543 3545 729 3618 induerunt
754 3544 913 3620 formam.
958 3548 1035 3618 Into
1059 3569 1145 3620 vero
1160 3544 1279 3620 causae
1303 3549 1359 3624 ci-

138 3648 230 3726 vilet
249 3644 294 3721 ad
319 3639 594 3720 Ecclesiasticutn
612 3639 738 3715 trasiae
763 3641 839 3715 sunt
862 3639 1029 3729 tribunal,
1055 3641 1159 3714 variis
1181 3642 1241 3714 sub
1256 3667 1352 3739 prae·
1403 3657 1409 3674 ”

139 3746 318 3828 textibus,
342 3737 396 3814 nti
424 3759 454 3811 1.
468 3740 618 3834 peccari,
643 3736 735 3810 citca
758 3737 892 3812 causam
919 3737 1059 3813 civi'em
1076 3736 1266 3827 commin,
1293 3741 1349 3817 uel

137 3833 392 3941 praeveniendi
430 3857 463 3908 a.
486 3835 741 3907 denuntiationis
765 3833 1002 3929 euangelica,
1035 3833 1082 3907 fic
1106 3832 1239 3923 dietae,
1266 3857 1354 3930 quae

114 3934 281 4035 ¹peperit
306 3929 501 4006 remedium
516 3930 603 4024 juris
625 3929 956 4006 extraordinarium:
990 3947 1156 4025 quatenus
1179 3935 1273 4021 quis,
1295 3929 1355 4021 juo

143 4050 261 4111 coatia
281 4023 481 4129 proximum
505 4025 658 4108 nancisci
681 4048 751 4200 app
775 4027 914 4121 valens,
954 4026 1137 4108 denunciat
1159 4021 1353 4120 Ecclesiae,
1418 4092 1420 4095 ,

713 4205 717 4214 ‚
769 4145 796 4223 3
1207 4136 1354 4221 petens,
