3022 4806
664 603 769 682 ntur.
798 606 878 682 its.
1218 580 1223 587 ’
1303 640 1377 719 527

148 777 210 858 tiis
239 777 283 856 ab
311 776 472 855 omnibus
499 780 687 857 bohemiae
720 803 756 856 et
788 782 976 858 Morariae
1010 783 1199 863 Ordinibus
1225 788 1369 888 habitis,

146 876 231 976 pust
261 878 375 951 varias
407 877 597 951 Orationes
629 900 663 951 et
693 882 880 988 colloquia,
914 903 970 953 rea
1002 885 1153 993 denique
1176 887 1244 960 buc
1270 891 1368 965 'exia-

147 994 254 1062 tunt,
281 993 321 1046 ut
342 980 384 1046 ad
402 975 580 1070 Synodum
598 979 712 1048 denuo
730 997 949 1047 mitterentur
966 978 1093 1074 legati,
1122 1003 1202 1053 curn
1244 1005 1369 1059 uatuor

143 1070 216 1147 itur
244 1068 418 1156 articulis,
451 1072 628 1164 paululum
665 1075 886 1166 temperatis,
929 1093 994 1143 nec
1018 1097 1087 1147 non
1110 1098 1189 1149 curn
1217 1006 1369 1159 iormula

144 1165 294 1241 unionis.
342 1165 494 1240 Articuli
518 1167 615 1239 hunc
638 1166 676 1240 in
701 1176 843 1240 modum
869 1165 1014 1240 formati
1038 1170 1134 1259 sunt,
1161 1192 1199 1245 ut
1228 1199 1258 1250 r.
1278 1177 1365 1250 libo·

142 1283 220 1335 ram
261 1259 353 1334 verbi
384 1262 456 1334 Dei
487 1261 780 1357 praedicationem
810 1263 1067 1354 concelierint,
1093 1264 1153 1338 sub
1178 1289 1367 1347 autoritate

145 1352 368 1433 Diuecesani.
396 1378 430 1429 u.
454 1357 684 1433 Peccatorum
716 1356 856 1451 punitio
882 1358 1134 1453 relinqueretur
1156 1361 1218 1454 iia,
1268 1368 1367 1445 uibus

139 1453 201 1551 jur
223 1471 311 1526 erat.
338 1474 373 1546 3.
395 1453 497 1527 Clero
520 1476 594 1526 non
617 1453 718 1526 liceat
736 1452 838 1548 super
856 1451 957 1524 bonis
975 1456 1217 1550 temporalibus
1229 1389 1363 1558 drale·

141 1553 228 1622 riter
242 1545 425 1621 dominari.
452 1571 489 1640 4
515 1550 728 1622 Communio
745 1551 804 1622 sub
821 1570 963 1643 utraque
982 1552 1097 1642 specie
1116 1550 1178 1642 iit,
1201 1575 1363 1655 tanquam

146 1644 243 1718 utilia
265 1662 303 1716 et
319 1642 491 1733 salutarit,
516 1646 745 1740 relinquenda
759 1645 929 1732 libertati,
955 1643 1003 1718 ita
1021 1666 1160 1737 tamen,
1184 1670 1222 1723 ut
1237 1657 1362 1748 dubia,

140 1741 240 1815 circa
272 1738 510 1814 neceffitatem
542 1760 580 1812 et
613 1763 763 1834 poenas,
798 1764 879 1835 quar
911 1739 980 1825 illi,
1014 1742 1073 1837 qui
1105 1743 1179 1817 boc
1200 1751 1360 1847 neglige·

105 1918 108 1923 ,
144 1837 252 1922 bant,
285 1835 528 1926 merebantur,
560 1833 692 1931 synodi
714 1834 853 1928 judicio
874 1834 1164 1928 committerent,
1189 1845 1295 1916 modo
1318 1846 1362 1919 il·

141 1932 206 2007 lud
239 1929 441 2096 scripturae
472 1953 507 2003 et
540 1925 696 2020 Patribus
728 1953 798 2003 non
824 1932 1032 2005 advertetur.
1083 1932 1251 2008 dormulue
1273 1959 1362 2016 vero

139 2023 283 2101 unionit
332 2047 395 2099 uae
421 2047 517 2101 erant
541 2026 781 2115 conditiones,
804 2049 886 2109 ura,
913 2026 1005 2118 quod
1030 2028 1210 2120 Concilio,
1235 2033 1357 2128 Papia,

141 2119 373 2215 Praelatifque
399 2121 494 2207 aiiii,
529 2145 599 2194 non
627 2141 827 2194 tenerentur
850 2122 1009 2208 obedire,
1034 2123 1057 2195 fi
1082 2124 1174 2217 quud
1198 2127 1357 2225 Scriptu-

141 2238 204 2294 rae
228 2215 439 2291 contrarium
469 2217 733 2312 prohibuerint,
765 2218 889 2304 altera,
923 2238 968 2286 ne
1003 2237 1145 2312 propter
1169 2218 1281 2298 dictos
1301 2245 1357 2301 ar.

140 2313 271 2389 titulos
296 2313 384 2384 male
416 2312 575 2401 audiant,
604 2333 664 2384 aut
691 2311 865 2406 patiantur
890 2334 909 2382 a
933 2333 1151 2408 quocunque.

185 2405 226 2506 ..i
250 2408 571 2483 ccccuxxvtlt.
606 2411 762 2480 Formula
794 2407 942 2502 Synudn
970 2407 1199 2504 displicente,
1230 2412 1357 2494 iterum

139 2507 221 2584 funt
259 2504 367 2578 iidem
413 2504 584 2576 Oratores
619 2502 707 2575 miili
747 2503 910 2597 Pragrm,
951 2521 990 2573 ut
1033 2527 1162 2580 novam
1195 2507 1357 2591 facerent

141 2597 358 2681 instantiam.
404 2599 662 2693 Proposuerunt
686 2599 720 2670 in
747 2600 892 2693 publico
919 2595 1101 2672 Nobilium
1128 2620 1166 2675 et
1192 2606 1355 2703 plebejo·

140 2719 223 2776 rum
247 2713 431 2769 conventu
457 2695 560 2765 trium
587 2694 809 2767 articulorum
829 2693 1122 2786 explicationem,
1148 2715 1185 2768 et
1202 2699 1354 2776 declara·

143 2796 303 2879 tionem,
331 2815 431 2886 quam
456 2791 479 2863 fr
504 2806 730 2863 admitterent
759 2786 930 2871 Buhemi,
955 2793 1184 2881 promiserunt
1201 2814 1352 2869 concor·

140 2891 237 2966 diter
259 2887 303 2961 de
326 2895 575 2959 communione
600 2888 656 2957 sub
682 2907 823 2977 utraque
849 2879 965 2976 specie
992 2883 1244 2977 trantigendurn
1269 2889 1353 2967 effe,

140 2990 291 3063 interea
325 2983 503 3076 captiosae
546 2999 644 3053 erant
684 2980 787 3050 trium
827 2976 1047 3050 articulorum
1081 2980 1354 3078 declarationes,

141 3101 253 3181 quae,
284 3099 366 3152 curn
398 3075 562 3149 bohemis
593 3077 786 3147 concedere
813 3072 905 3168 quod
932 3073 1097 3146 volebant
1123 3076 1353 3172 viderentur,

140 3174 236 3255 nihil
263 3191 382 3247 tamen
416 3195 480 3266 per
513 3172 642 3244 additas
673 3168 909 3242 restrtdliones
943 3173 1197 3247 concedebant.
1243 3177 1354 3252 Corn·

139 3268 321 3349 munionis
355 3265 414 3340 sub
441 3286 584 3362 utraque
608 3267 878 3338 declarationem
906 3287 985 3335 curn
1010 3262 1205 3361 lirgitartnt
1231 3273 1349 3347 nobe·

133 3366 194 3444 'nti
228 3366 322 3440 bunc
344 3365 382 3437 in
408 3363 548 3435 modurn
573 3364 651 3436 data
675 3360 745 3443 est,
774 3381 810 3432 nt
837 3362 955 3432 illaad
982 3378 1119 3454 tempus
1143 3362 1249 3437 instar
1273 3390 1357 3462 gra.

108 3464 234 3552 ὼε,
265 3482 330 3558 per
358 3458 581 3534 autoritatem
613 3455 805 3544 Ecclesiae,
837 3458 1119 3552 permitteretur,
1148 3461 1207 3533 sub
1232 3465 1354 3540 condi·

140 3557 263 3646 tione,
288 3556 313 3631 fi
338 3552 509 3628 Ecclesiae
537 3556 716 3627 Romanae
743 3551 778 3624 in
808 3551 950 3644 reliquis
976 3551 1218 3647 adsurgerent,
1248 3579 1285 3632 et
1302 3561 1352 3634 sa·

140 3654 308 3732 terdotet
340 3652 484 3724 calicem
519 3673 588 3724 non
623 3647 685 3720 nili
717 3646 838 3721 adultis
868 3647 1133 3740 distribuerent,
1165 3653 1348 3728 adderent.

139 3772 236 3865 que,
260 3745 434 3824 Christum
459 3745 529 3820 effe
553 3746 613 3818 fub
638 3768 702 3817 una
725 3745 900 3837 alteraque
916 3741 1033 3835 specie
1050 3742 1128 3821 sula.
1178 3749 1350 3840 B'obemi,

137 3849 228 3922 iicet
258 3846 325 3920 hac
358 3862 458 3940 parte
484 3840 589 3915 deluli
615 3839 765 3925 fuerint,
798 3839 1048 3912 consenserunt
1076 3843 1213 3916 tandem
1235 3842 1269 3916 in
1294 3863 1348 3918 ar·

137 3941 288 4031 ticulot,
310 3936 360 4014 ita
384 3936 572 4036 explicitos
596 3956 632 4009 et
647 3956 882 4030 temperatos,
911 3935 981 4009 stre
998 3936 1162 4013 bellorum
1183 3940 1352 4032 pertaesi,

132 4035 222 4116 fite
241 4037 436 4119 ambitione
458 4033 690 4134 ttotyrarae,
708 4031 773 4206 xcpi
802 4029 899 4128 spem
911 4030 1242 4132 iircitiepifcopatur
1258 4034 1351 4112 fece·
1415 4066 1419 4073 ·

757 4149 864 4220 vta
1251 4153 1352 4233 taut,
