3022 4806
651 598 761 717 'Sttni
785 635 874 716 XII.
1304 660 1372 743 131

134 811 695 1009 tt‘ndzssiihtsisstitttd’
725 815 935 989 nitzdu?
950 813 1358 991 dtifii‘dttittt

103 1088 107 1097 ,
138 1005 316 1082 diffimiler
339 1010 481 1082 fuerunt
512 1007 560 1084 fic
583 969 678 1085 dicti’
720 1007 885 1107 postolitt‘,
910 1033 931 1084 a
955 1007 1125 1085 Bernatdo
1159 1011 1352 1086 claraeval·

139 1101 224 1177 ienfi
246 1102 349 1178 serm.
373 1104 489 1179 LXV.
514 1123 553 1177 et
575 1106 713 1182 LXVI.
746 1109 784 1182 in
808 1107 910 1181 Cant.
933 1125 1025 1179 cant.
1039 1160 1050 1197 ,
1084 1122 1121 1179 et
1149 1105 1359 1199 Evetviuo,

143 1196 387 1272 steinfeldenfi
412 1199 634 1295 Praeposito,
657 1201 695 1276 in
718 1199 817 1302 epist.
841 1201 883 1277 nd
908 1200 1118 1275 Bernardum
1142 1201 1179 1276 in
1203 1204 1356 1277 Analec-

146 1292 193 1367 tir
221 1295 432 1383 Manilium,
463 1313 501 1367 et
534 1295 571 1370 in
596 1297 779 1372 nuvissima
801 1319 946 1395 operum
970 1296 1136 1373 Bernatdi
1169 1296 1353 1390 editione,

146 1387 322 1487 descripti.
371 1388 470 1501 Quot
500 1390 607 1464 etiarn
639 1391 823 1491 depinxit,
862 1410 900 1465 et
932 1390 1101 1468 refutavit
1131 1392 1357 1484 Eckbertut,

146 1485 304 1561 -dbbars
315 1484 635 1578 Fionnicoenubii,
653 1488 745 1585 quod
754 1487 972 1585 schonaugia
987 1488 1178 1586 adpellatut
1187 1545 1198 1581 ,
1215 1490 1360 1565 indiue·

151 1580 215 1657 tefi
239 1579 466 1670 'l'tevirenfi‚
505 1580 584 1678 post
606 1585 763 1659 medium
786 1581 911 1674 seculi,
954 1581 991 1657 in
1015 1584 1102 1659 Bibl.
1127 1586 1183 1659 M.
1218 1586 1358 1660 Parrum

156 1694 236 1750 rum.
263 1675 403 1751 xxm.
436 1675 498 1771 qui
527 1676 703 1772 originem
736 1702 876 1776 qunque
915 1702 935 1752 a
965 1679 1178 1753 Manichaen
1209 1683 1358 1776 repetit.

157 1771 278 1861 addit,
301 1795 364 1846 eos
386 1772 470 1846 talia
485 1776 556 1867 jam
580 1775 673 1869 longo
689 1792 826 1873 tempore
844 1772 1193 1871 latentersusarraffe,
1217 1774 1360 1874 lustran-

156 1869 342 1963 teruntque
375 1869 481 1941 dumus
511 1902 567 1923 ·-
593 1902 650 1924 -
680 1904 734 1927 ·-
764 1874 930 1944 circumire
960 1893 1048 1944 mure
1088 1884 1121 1942 et
1165 1873 1282 1962 arida,
1323 1887 1360 1944 trr

151 1959 479 2056 samaritarum
508 1985 616 2043 unum.
663 1964 791 2064 Viguit
814 1964 962 2042 haeresis
989 1965 1143 2039 maxime
1175 1965 1265 2043 circa
1289 1966 1361 2039 Co·

158 2059 276 2133 inuiam
298 2058 565 2157 Agrippinam,
598 2082 684 2154 nnc,
719 2064 816 2137 vitae
846 2060 1033 2229 rggpedin,
1056 2058 1225 2170 aliquid,
1267 2058 1360 2158 qnod

160 2173 289 2252 turpat,
320 2155 428 2229 habet
450 2155 659 2246 Bernatdus,
691 2154 779 2249 nidi,
810 2177 856 2252 qu
914 2209 925 2243 ,
963 2168 1207 2228 continentiae
1239 2173 1362 2230 votum

163 2247 748 2419 praeeexentef,tfnmiliarissimum
782 2271 868 2420 {un}
889 2248 1055 2420 1guarringa
1078 2247 1229 2420 hapleoatpt
1260 2272 1366 2421 cog·

155 2396 160 2405 -
321 2367 593 2422 ,uerear
688 2369 726 2420 er
809 2368 1010 2421 aeeore
1278 2370 1298 2420 e

160 2366 378 2539 ffiffim,
400 2367 903 2533 invocangnteamvsni'ttorum,
937 2461 977 2516 et
997 2367 1178 2514 ora'tioites
1204 2369 1276 2538 ρξέ
1296 2441 1358 2516 de·

159 2534 300 2629 inuidit,
326 2556 499 2610 unacum
523 2537 746 2636 purgatorio,
769 2539 955 2629 damnent,
987 2554 1026 2609 er
1049 2535 1230 2611 ordinibus
1254 2537 1362 2614 sacrit
1457 2622 1460 2628 ,

156 2632 363 2730 potestatem
385 2629 581 2729 denegent,
613 2631 639 2706 st
666 2652 872 2730 peccatores
895 2632 979 2724 stnt,
1010 2631 1227 2706 conficiendi
1251 2631 1364 2711 sacra·

161 2748 294 2805 menta:
326 2727 443 2822 quales
466 2748 548 2802 cum
573 2728 774 2804 censuerint
797 2728 973 2803 Praeiatnr
996 2726 1068 2802 effe
1093 2727 1197 2822 hujus
1221 2745 1363 2827 tempu·

159 2824 220 2917 tir,
243 2846 309 2899 eon
329 2823 397 2897 hac
419 2821 594 2917 potestate
629 2846 769 2917 carere,
800 2821 1013 2912 statuerunt,
1071 2822 1242 2895 uemtibet
1273 2845 1365 2898 vero

157 2918 335 3009 etenum,
377 2917 436 2992 seu
469 2918 707 3016 baptizatum,
744 2920 836 3017 apud
868 2921 904 2993 se
935 2940 987 2993 ea.
1034 2846 1140 2991 (diere
1172 2914 1360 3013 potestate.

153 3012 393 3115 Adiungitur,
424 3033 486 3087 eor
508 3012 751 3090 abstinentiam
774 3037 794 3091 a
817 3036 943 3103 carne,
973 2939 1083 3103 tage,
1115 3029 1152 3087 et
1175 3014 1217 3088 ab
1229 3013 1364 3124 'omni,

155 3112 245 3211 quod
262 3133 311 3185 ex
327 3109 427 3184 coitu
469 3107 622 3220 ‘gnitum
646 3108 781 3201 urfiffe,
805 3108 932 3207 absque
947 3126 1009 3199 ut,
1031 3130 1077 3182 ex
1094 3130 1166 3204 qun
1184 3109 1368 3208 principio

156 3215 195 3283 rb
218 3206 410 3283 innuebas
433 3131 496 3280 titi
520 3203 701 3297 caverint,
722 3205 831 3281 fuerit
853 3203 1021 3280 additum.
1068 3202 1262 3280 Eckbettur
1277 3229 1369 3284 vern

157 3302 264 3395 dicit,
288 3304 406 3375 enain
429 3305 562 3376 occultis
572 3300 648 3398 suis
664 3303 817 3389 tradere,
842 3325 962 3376 omnem
978 3323 1106 3374 carnem
1117 3297 1289 3394 sudarunt
1305 3301 1369 3399 effe

155 3397 301 3481 Dirbuit‘.
332 3396 482 3492 Nuptias
498 3420 636 3493 quoque
653 3397 760 3495 diqui
776 3396 1071 3507 proscripserunt,
1090 3395 1155 3470 abs
1172 3421 1214 3470 ue
1232 3415 1270 3470 ut
1288 3422 1369 3472 cru·

155 3494 243 3592 sunt,
265 3493 384 3589 inquit
414 3492 629 3576 Evervinus,
663 3491 790 3566 investi
838 3516 876 3567 re
912 3492 1099 3589 potuerim.
1147 3417 1273 3589 {nitigi
1300 3494 1368 3571 ita·

162 3609 223 3686 que
241 3589 330 3663 hinc
355 3587 495 3683 nequit,
520 3611 582 3662 ent
596 3586 799 3664 Manichaei
815 3611 911 3663 muru
934 3586 1127 3663 renovasse.
1178 3588 1378 3669 Eckbertur

160 3703 335 3782 praeterea
350 3682 495 3776 adierit,
520 3685 555 3760 se
574 3686 617 3759 ab
639 3683 757 3781 aliquo
774 3705 895 3759 eurum
920 3681 1075 3780 apostolo
1097 3681 1288 3777 audiviffe,
1311 3710 1376 3764 ent

164 3802 273 3854 veram
287 3776 420 3855 Christi
437 3802 596 3871 carnem,
612 3798 650 3854 et
663 3779 970 3870 resunediionem,
991 3776 1148 3875 negaiie3
1163 3803 1293 3878 porro,
1313 3804 1376 3858 eor
1460 3844 1472 3859 ,

167 3877 292 3951 actem
310 3873 482 3951 Coloniae
497 3871 731 3965 examinator,
752 3874 926 3952 confeffos
940 3871 1030 3966 effe,
1053 3873 1184 3951 animas
1206 3879 1380 3954 humanat·

173 3968 230 4043 ede
247 3971 389 4069 spiritur
405 3970 479 4045 illos
495 3969 685 4069 apostatat,
710 3975 763 4067 qut·
779 3977 811 4047 itt
824 3975 981 4068 principio
1004 3971 1113 4046 mundi
1124 3973 1162 4044 de
1185 3975 1267 4050 coelo
1281 3972 1379 4069 rjeiit‘

132 4138 136 4144 .
170 4060 253 4160 stur.
294 4068 404 4147 Adeo
419 4087 537 4145 autem
553 4085 738 4244 narrating
759 4066 799 4143 in
815 4069 886 4147 fide
896 4068 959 4163 ‚sua
971 4065 1193 4159 confirmati,
1219 4085 1260 4144 ut
1273 4087 1382 4180 quaq-
