2976 4830
544 501 692 603 aspiro
713 487 841 601 acates.
868 503 984 606 Christ.

143 690 224 764 dem
250 689 342 781 Papi
363 673 537 782 processus
564 683 734 779 Johannis
758 684 894 771 xxii,
920 683 979 758 sed
1006 686 1087 762 cnm
1103 682 1181 763 'hac
1198 689 1357 770 sentilla

145 786 365 871 remissione,
390 801 428 854 ut
451 781 633 873 Inperator
659 781 870 853 Gulielmum
887 781 1104 874 Oclcamum,
1128 788 1275 883 ejusque
1291 792 1356 864 col·

129 885 260 978 legas,
288 881 436 952 traderet
460 875 639 963 Pontifici,
664 876 806 950 decreta
829 896 948 949 contra
971 879 1170 973 Johannem
1188 884 1353 957 rescinde·

150 1001 226 1064 tet,
252 977 403 1070 denique
428 970 546 1044 edicto
571 991 745 1065 perpetuo
760 973 899 1066 publice
918 974 1087 1064 sanciret,
1111 977 1352 1075 Inperiumefft

150 1075 337 1169 beneficium
370 1070 502 1160 Papae,
533 1089 590 1140 nec
622 1083 699 1141 ante
731 1067 899 1160 Caesarem
925 1069 984 1164 effe
1009 1087 1070 1142 aut
1097 1080 1228 1164 vocari,
1260 1097 1350 1170 quasa

128 1176 244 1262 'Papa
263 1169 360 1260 fieret
383 1180 487 1234 astar.
537 1161 673 1261 Quibus
697 1163 851 1236 articulis
875 1162 918 1237 ad
942 1169 1184 1257 inperatorem
1210 1171 1348 1260 delatis,

148 1266 242 1361 ipse,
265 1257 420 1333 comitiis
449 1256 789 1331 Francofurtensrbus
816 1259 941 1333 habitis
962 1283 993 1334 a.
1020 1281 1147 1355 1344,
1172 1287 1253 1354 eos,
1280 1285 1350 1340 tan·

139 1383 249 1459 ·quam
273 1353 425 1448 iniquos,
466 1373 501 1425 et
528 1355 570 1427 ad
603 1353 726 1448 inperii
758 1352 1023 1429 aestrunionem
1061 1359 1262 1451 tendentes,
1302 1383 1352 1435 re·

137 1489 143 1498 ·
178 1451 323 1526 robavit.
373 1448 476 1550 Quod
509 1448 602 1521 idem
641 1450 685 1520 de
716 1447 757 1522 iis
790 1452 940 1523 tulerunt
970 1449 1139 1547 judicium
1174 1454 1351 1553 Theologi

133 1483 369 1634 {missensem
409 1562 443 1615 et
469 1543 710 1629 Bolonienses,
740 1544 921 1617 haedere
944 1546 1102 1621 consulti.
1151 1550 1245 1650 Papa
1268 1573 1350 1626 veto

135 1641 246 1723 ΜΗ
270 1643 422 1728 nescius,
449 1639 493 1711 de
519 1642 719 1734 [operatore
735 1641 998 1713 exterminando
1021 1641 1112 1716 serio
1135 1648 1180 1718 ab
1199 1669 1245 1721 eo
1270 1667 1353 1722 tent·

135 1760 237 1842 'spore
261 1735 485 1821 deliberavit,
513 1757 580 1806 una
604 1757 685 1806 cum
704 1735 883 1830 Johanne,
909 1737 1093 1811 Bohemiae
1117 1740 1246 1839 Rege,
1271 1741 1354 1840 ejus·

148 1862 214 1937 qne
231 1835 305 1909 filio
332 1833 473 1917 Carolo,
498 1847 534 1900 et
556 1850 679 1924 patruo
714 1829 992 1927 Arclriepiscopo
1016 1831 1235 1911 Trevireoli.
1284 1841 1354 1914 Re·

150 1935 294 2010 novavit
319 1929 437 2022 itaque
467 1925 644 2018 processus
672 1927 839 2021 Jolranois
864 1929 1002 2015 xxti,
1041 1948 1079 2002 et
1111 1932 1354 2026 Inperatorem

146 2025 335 2105 declaravit
356 2021 586 2108 haereticum,
619 2040 655 2095 et
677 2022 754 2118 jure
786 2027 885 2117 regni
910 2023 1109 2120 privatum,
1142 2027 1358 2107 Electoribns

147 2146 284 2226 quoque
308 2122 345 2194 in
371 2116 535 2191 mandatis
557 2117 675 2205 dedit,
710 2136 748 2190 ut
778 2115 865 2190 intra
899 2140 1034 2190 certum
1062 2141 1202 2218 tempus
1227 2148 1355 2202 novum

148 2224 322 2316 eligerent
348 2218 508 2308 Regem,
541 2220 705 2307 a.-1346.
754 2211 858 2310 Quod
891 2212 951 2285 nisi
975 2215 1126 2306 saciant,
1149 2218 1225 2314 ipsc
1245 2220 1358 2312 denen

144 2315 327 2408 cogitaret.
378 2307 553 2381 Hernicus
577 2329 775 2402 praeterea,
800 2309 930 2383 Praesul
954 2312 1215 2402 proponimus,
1241 2316 1357 2395 fautor

148 2406 344 2487 Ludovici,
379 2401 570 2495 depositus,
609 2403 710 2497 eique
734 2400 896 2477 suffeslus
925 2402 976 2477 est
1003 2407 1168 2483 Gerlacus
1193 2411 1354 2488 Nallovr‘·

146 2529 209 2590 us,
233 2504 290 2596 qui
316 2497 489 2588 Principes
514 2498 676 2568 evocavit
702 2496 849 2571 Rensam
873 2523 902 2573 a.
935 2507 1063 2596 1346.‚
1088 2527 1108 2576 a
1158 2504 1253 2581 uibus
1266 2509 1349 2583 Rex

146 2602 386 2674 Romanorum
412 2590 460 2662 est
484 2590 609 2664 elesius
632 2594 791 2684 Carolus,
822 2597 1009 2667 Moraviae
1032 2599 1139 2672 Marc
1166 2600 1222 2693 ⁹0,
1252 2626 1354 2700 quem

145 2698 237 2790 Papa
268 2684 455 2764 solenniter
478 2685 705 2780 adprobavit,
745 2708 782 2760 et
816 2688 1029 2763 Coloniensrs
1061 2694 1355 2797 Archiepiscoput

144 2788 342 2867 coronavit.
390 2782 556 2877 Superior
573 2802 687 2857 tamen
704 2784 891 2857 Germania
914 2786 950 2857 in
968 2786 1038 2859 fide
1055 2789 1234 2866 Ludovici
1249 2796 1354 2872 maxi·

146 2911 238 2961 mam
265 2904 401 2980 partem
429 2875 600 2972 perstitit,
642 2900 677 2951 et
702 2879 903 2953 Ludovicus
930 2880 999 2953 sese
1035 2885 1076 2954 ad
1096 2885 1188 2981 juris
1221 2889 1272 2963 sui
1295 2891 1355 2967 de·

145 2980 340 3058 sensionem
366 2974 524 3046 omnibns
547 2973 701 3048 adcinxit
727 2975 879 3062 viribus,
907 2975 962 3048 sed
989 2977 1090 3051 brevi
1113 2980 1195 3076 post
1217 3006 1354 3062 mortu·

144 3069 816 3252 ltists}4⁴⁷m⁶llllsllli¹²ll
835 3093 1222 3248 lsll‘llllllltll
1245 3081 1356 3255 {⁹321

145 3265 244 3360 orgio
269 3263 456 3335 Herwarto
478 3261 520 3334 ab
545 3259 783 3354 Holienburg,
809 3259 967 3360 singulari
989 3263 1089 3337 edito
1112 3267 1177 3341 scri
1207 3287 1259 3348 to.

149 3397 153 3404 ·
195 3360 227 3458 s.
251 3357 424 3430 CCCXV.
457 3355 677 3440 Eduardum‚
711 3357 860 3450 Angliae
887 3360 1043 3449 Regem,
1076 3379 1115 3434 ut
1138 3291 1268 3462 reliqua
1292 3370 1354 3444 Pa.

145 3481 211 3555 pao
229 3451 322 3549 gesta
346 3448 490 3524 striiiim
517 3449 731 3533 recenseam,
764 3451 822 3547 qui
854 3450 1105 3545 cardinalium,
1140 3457 1353 3563 aliorumque

145 3551 358 3629 sacerdotum
382 3545 596 3632 absentium,
621 3546 791 3619 beneficia
814 3569 1067 3643 occupaverat,
1094 3571 1131 3624 et
1154 3556 1290 3632 redime
1313 3561 1351 3647 in

145 3651 223 3726 suos
246 3661 399 3715 verterat
424 3641 518 3729 usus,
560 3663 624 3734 per
648 3641 875 3714 anathematis
899 3643 1212 3726 comminationem
1235 3655 1279 3727 ad
1304 3655 1353 3733 ss.

143 3744 280 3822 niorem
305 3736 489 3807 revocavit
513 3755 667 3808 mentem
693 3759 721 3809 a.
748 3758 853 3830 1352.
879 3739 964 3813 Vid.
981 3742 1189 3836 Raynaldus.
1241 3749 1355 3828 Neda

143 3839 322 3922 Andreae,
348 3832 383 3904 io
410 3830 532 3926 Apulia
551 3829 681 3923 Regis,
702 3833 878 3906 accusatus
901 3833 970 3922 est,
997 3859 1158 3912 unacum
1183 3842 1351 3924 Andreae

139 3957 271 4028 uxore,
295 3929 439 4007 alsatie
464 3927 628 4013 Andreae
642 3927 845 4021 Ludovico,
878 3931 1079 4031 Huogatiae
1103 3935 1228 4037 Rege,
1271 3966 1354 4039 pro.

144 4051 154 4094 ·'
791 4072 798 4081 a
1192 4055 1353 4137 curatae,
