3022 4806
652 559 755 636 Secti.
787 562 934 676 ΧΠ..
1160 646 1170 658 .
1299 578 1368 664 647
1488 596 1491 609 ·

148 736 312 816 Duciffae
333 760 363 816 a.
393 763 498 838 1574.
549 739 697 816 Novum
734 739 876 838 quidem
904 737 1087 838 inpetum,
1130 764 1167 817 ea
1202 765 1360 841 mortua,

147 839 186 911 in
209 837 349 912 miseros
374 840 480 914 hosce
499 840 655 914 homines
680 837 799 912 facere
826 837 1054 934 inceperunt,
1081 839 1157 928 sed,
1182 841 1360 919 illustrium

172 930 389 1025 ersonarum,
429 938 491 1008 reli
522 937 593 1008 ioni
629 930 783 1032 ipsorum
818 933 1036 1021 fauentium,
1076 932 1283 1012 interventu
1308 940 1360 1014 es·

144 954 274 1102 linum
295 1030 346 1104 est
368 1032 458 1124 apud
484 961 642 1119 lincam,
677 1053 714 1102 ut
738 1029 835 1103 furor
859 1027 923 1101 iste
947 1028 1134 1104 suffocatus
1160 1030 1221 1122 srt,
1256 1033 1361 1132 usque

145 1123 189 1196 ad
215 1127 288 1219 ejus
312 1147 479 1215 mortem,
513 1153 544 1202 a.
573 1139 678 1218 1580.
728 1124 906 1200 Succellor
930 1149 1019 1199 vero
1051 1127 1125 1221 ejus
1151 1131 1287 1205 Carolus
1314 1134 1361 1206 E·

145 1223 280 1294 manuel
305 1245 384 1295 curn
415 1220 592 1297 Ducatum
618 1225 837 1296 Salucensem
870 1219 1073 1310 invasisset,
1105 1239 1140 1293 et
1168 1224 1284 1299 Gallus
1316 1228 1353 1302 in

146 1317 245 1389 villas
259 1317 480 1393 Pedemontii
498 1314 669 1405 irrutilet,
698 1317 823 1412 easque
848 1338 982 1388 teneret
998 1338 1207 1412 occupatas,
1237 1320 1355 1400 fideles

144 1403 325 1487 Vallenses
349 1412 515 1510 deinceps
545 1416 596 1487 rei
628 1414 701 1496 sunt
737 1414 804 1485 aeli
830 1411 996 1508 perfidiae
1023 1415 1059 1487 in
1082 1415 1238 1504 Ducem,
1270 1421 1360 1497 adeo

142 1527 184 1582 ut
215 1527 307 1582 terta
329 1505 549 1606 spargeretur
573 1508 684 1599 sama,
716 1511 853 1582 Ducem
880 1533 941 1581 eos
969 1505 1039 1603 elle
1075 1508 1354 1607 exstirpaturum.

140 1597 211 1680 Sed
247 1627 301 1677 res
332 1607 369 1678 in
396 1627 518 1679 eorum
550 1605 709 1680 savorem
742 1607 860 1679 vertit.
910 1600 1017 1675 Causa
1049 1603 1141 1677 enim
1176 1630 1195 1679 a
1227 1610 1357 1691 Senatu

142 1700 333 1774 sabaudiae
358 1698 522 1792 discussa,
562 1703 751 1775 secundum
778 1698 957 1774 Vallenses
984 1696 1034 1770 est
1067 1705 1358 1809 pronunciatum,

141 1795 203 1892 qui
227 1797 365 1870 Ducem
400 1821 538 1906 quoque
562 1801 604 1871 ab
635 1822 680 1871 eo
715 1818 876 1891 tempore
910 1790 1002 1867 naui
1033 1791 1112 1868 sunt
1145 1818 1358 1897 patronum,

141 1889 302 1965 omnibus
317 1893 530 1989 privilegius,
556 1913 656 1967 antea
676 1893 866 1979 concessas,
891 1892 934 1963 ab
952 1912 996 1960 eo
1013 1890 1239 1969 confirmatis.
1275 1897 1358 1997 Quo

141 1985 180 2062 in
205 1982 294 2061 statu
317 2010 373 2062 res
391 1990 588 2062 manserunt
604 1988 646 2062 ad
664 1990 769 2062 finem
789 1986 914 2071 seculi,
940 1984 1025 2056 licet
1041 2009 1103 2079 per
1118 1988 1246 2064 zelotas
1262 1994 1355 2066 Pon·

138 2079 272 2193 tificiqt
309 2103 347 2158 et
379 2083 606 2181 Inquifitorea
638 2106 811 2182 nunquam
852 2078 1056 2155 cessaverint
1101 2081 1203 2156 variis
1241 2085 1358 2166 modia

135 2199 269 2251 vexari.

186 2269 218 2369 s.
246 2272 396 2351 DXCV.
429 2275 642 2351 Vallensrbua
665 2270 878 2350 Pedemontii
901 2271 1089 2348 ameridie
1111 2273 1274 2370 adjacent
1290 2278 1356 2354 Sa.

141 2367 308 2468 lucenses,
330 2370 464 2445 incolae
489 2374 757 2446 Marchionatut
782 2368 925 2442 ditionis
953 2369 1063 2466 Regia
1090 2368 1223 2446 Galliae
1249 2377 1358 2472 usque

141 2463 185 2538 ad
209 2487 240 2538 a.
270 2487 398 2558 1595.,
423 2467 561 2562 quando
584 2491 628 2541 ex
653 2464 758 2563 paeto
775 2461 927 2538 Henrici
944 2465 1011 2540 Ν.
1046 2488 1127 2543 cum
1153 2470 1278 2546 Carolo
1305 2471 1355 2546 E·

141 2559 318 2652 manuele,
357 2562 460 2636 Duce
481 2561 689 2652 sabaudiae,
720 2560 759 2636 in
790 2556 1001 2655 potestatem
1026 2562 1139 2636 Ducis
1162 2587 1352 2646 venerunt.

142 2654 349 2733 waldenses
380 2678 487 2747 vero,
521 2658 595 2825 {am
625 2675 704 2730 ante
734 2655 862 2767 aliquot
886 2653 998 2731 secula
1028 2679 1057 2733 e,
1072 2652 1362 2740 vallibutl'ede·.

138 2752 291 2845 muntii,
314 2751 499 2850 praecipue
553 2774 720 2841 acernae,
744 2767 931 2847 migrarant
951 2749 1135 2823 invallem
1159 2752 1348 2830 Marchio·

140 2866 264 2940 natur,
288 2849 441 2925 maxime
465 2846 787 2959 septentrionalem,
818 2842 946 2918 (libiam
970 2846 1160 2937 Podanarrr,
1192 2844 1353 2928 alluvio
1454 2915 1457 2923 f

140 2944 255 3030 Pado,
294 2968 372 3020 earn
397 2942 616 3040 trajiciente,
658 2939 791 3013 sedibus
823 2938 860 3013 in
891 2935 976 3011 locis
1001 2937 1166 3028 Vilhem,
1200 2941 1349 3038 Biollet,

140 3055 176 3110 et
202 3034 366 3116 bibionet
390 3039 491 3119 finiar
540 3037 699 3112 uilidem
724 3035 817 3110 suam
848 3055 889 3105 ac
913 3030 1120 3128 religionem
1146 3035 1351 3119 constanter

141 3153 347 3227 tenuerunt,
379 3157 420 3208 ac
446 3062 586 3229 prosena
613 3130 709 3218 sunt,
750 3127 887 3226 seseque
911 3128 989 3201 dein
1024 3148 1085 3224 per
1112 3150 1225 3207 totum
1250 3136 1353 3213 Mar-

111 3318 114 3322 ·
138 3225 342 3307 claiooatum
367 3227 602 3340 diffuderunt,
635 3227 723 3300 adeo
745 3244 784 3300 at
807 3225 877 3333 hoc
899 3223 1010 3331 seculo
1027 3228 1178 3302 maxime
1202 3229 1349 3327 suerint,

142 3326 178 3410 et
202 3323 348 3422 ubique,
376 3323 619 3421 multiplicati,
658 3344 725 3396 nec
751 3340 905 3418 graviter
928 3318 1080 3409 adflari,
1113 3325 1265 3417 quandiu
1286 3325 1365 3414 sab,

142 3419 322 3515 Gallorum
341 3417 477 3494 suerunt
503 3418 651 3515 inperio.
699 3417 897 3524 Tentarunt
917 3415 1059 3514 quidem
1085 3418 1267 3496 Pontificii
1282 3420 1349 3501 Ze.

140 3517 257 3604 lotae,
294 3514 461 3613 aquibus
492 3513 591 3610 saepe
621 3510 699 3587 sunt
731 3508 905 3596 infestata,
948 3533 1067 3585 eorum
1092 3511 1262 3593 Ecclesrat
1286 3520 1351 3593 de·

138 3605 294 3701 struere,
317 3609 375 3684 l'ed
391 3608 460 3684 stne
484 3633 613 3706 magno
637 3606 799 3682 successu.
854 3607 1074 3700 inpetrarunt
1096 3631 1237 3708 quoque
1261 3610 1343 3687 bos·

137 3720 196 3778 tet
235 3701 574 3799 21567.edisium
606 3715 641 3779 α’
659 3703 761 3777 Duce
796 3700 1041 3790 Neverrense,
1086 3703 1187 3778 lorum
1219 3723 1347 3784 tenente

139 3794 254 3894 Regia
276 3797 314 3874 in
327 3800 393 3876 illia
409 3797 634 3910 regionibus,
658 3821 729 3893 quo
744 3795 925 3888 extranei,
951 3794 1156 3891 religionem
1172 3823 1247 3875 eam
1265 3824 1349 3897 pro·

137 3892 236 3982 sessi,
254 3895 423 3994 jubentur
446 3913 539 3985 antra
564 3893 713 3979 triduum
739 3915 820 3966 cum
846 3890 986 3970 familiia
1013 3910 1051 3967 et
1075 3894 1176 3970 bonit
1197 3896 1348 3992 emigra·

136 4007 197 4082 te,
220 4007 392 4092 uunquam
421 3986 584 4086 redituri,
607 3989 667 4067 sub
692 4010 805 4080 poena
829 3987 976 4085 moror,
1000 4007 1044 4063 eo
1060 3990 1190 4089 scopo,
1212 4012 1252 4068 itt
1267 4004 1350 4089 gre-

662 4086 889 4179 Mmmm4
1263 4107 1350 4186 mm

1187 4196 1455 4537 „l
