3022 4806
128 666 200 737 neo
509 626 658 728 Historia
681 626 810 729 Eeelrs.
837 624 954 729 Christ.

132 820 246 918 ipsum
272 815 309 891 in
338 814 503 889 summam
528 807 684 904 conjecit
711 810 821 903 imm,
846 810 897 887 itt
922 825 962 881 ut
977 802 1100 885 dixiss'e
1121 804 1271 884 lentur:
1291 827 1354 905 per

137 926 174 993 δ.
201 921 353 1000 Petram,
379 929 410 985 et
434 912 470 984 S.
496 908 658 996 Patelrtrrt,
685 922 754 980 tarrt
780 906 984 983 terribiliter.
999 903 1102 1000 ipsam
1124 910 1279 1003 partiam,
1312 925 1352 979 ttt

133 1021 219 1089 orbis
253 1006 476 1104 rheumam,
527 1024 630 1097 quam
673 1004 882 1079 retuderunt
919 1003 1145 1092 cardinales,
1175 1005 1353 1094 dicendo,

133 1136 210 1187 vera
227 1106 307 1202 effe,
333 1125 411 1195 qaae
427 1103 564 1174 dicebat.
593 1099 772 1191 vexatus,
792 1102 851 1173 vel
870 1096 1221 1186 excommunicatur,
1239 1120 1353 1194 prop·

135 1228 233 1279 terea
258 1225 277 1274 a
303 1202 417 1292 Papa,
450 1195 554 1268 flocci
580 1192 616 1266 id
640 1193 739 1270 fecit.
788 1197 876 1273 Vid.
904 1193 1111 1266 Matthaeus
1142 1192 1354 1283 Parthenos,

136 1301 216 1398 qui,
241 1289 458 1391 querimonia
483 1292 557 1384 ejus
580 1291 625 1361 de
643 1292 806 1365 Romano
826 1287 1003 1367 Pontifice
1028 1286 1210 1386 enpofita,
1234 1290 1354 1386 adjun-

140 1398 216 1495 git,
242 1410 327 1464 vere
352 1389 396 1460 de
416 1392 513 1463 cutia
534 1384 650 1483 Papali
672 1386 846 1482 judicari,
873 1404 912 1459 et
934 1382 1007 1457 dici

236 1584 323 1679 Ejus
348 1580 514 1654 avaritiae
540 1592 626 1650 tatur
652 1592 711 1648 trare
725 1571 860 1674 stfficit
885 1580 984 1650 arbit.

282 1680 369 1773 Ejus
395 1678 544 1749 luxuriae
568 1677 721 1747 meretrix
744 1694 804 1745 nort
818 1670 950 1769 sufficit
974 1675 1089 1748 ornetis.

134 1871 257 1951 Exstat
287 1888 424 1965 quoque
447 1865 542 1938 Petri
568 1861 781 1973 Caffiodori,
811 1866 950 1962 Equitio
976 1863 1105 1962 Angli,
1137 1864 1289 2035 existolt
1312 1868 1356 1942 de

137 1990 153 2045 t
180 1965 323 2051 ranolde
348 1966 460 2057 Papae
486 1958 716 2049 excutienda,
747 1964 837 2055 apud
862 1960 1061 2036 Goldastum
1090 1961 1128 2035 in
1180 1967 1357 2041 lonaraltia

174 2062 416 2157 aretini-Inperti
433 2076 519 2132 tom.
543 2056 612 2131 Vl.
663 2054 829 2153 Denique
853 2057 1035 2131 Gualterut
1052 2058 1205 2153 hlopet,
1223 2062 1354 2135 Archi·

137 2163 306 2239 diaconus
329 2154 559 2248 Oxoniensts,
583 2152 763 2227 Romanae
785 2150 901 2227 cutiae
923 2151 1011 2227 vitia
1034 2170 1072 2224 et
1096 2151 1237 2248 flagitia
1261 2176 1360 2241 taxe,

136 2258 189 2333 tit
223 2261 261 2332 in
297 2255 449 2351 rythmis
478 2252 537 2324 de'
559 2245 790 2345 corruptiffirrto
813 2247 910 2347 slata
941 2250 1158 2342 praelatorum
1184 2247 1358 2328 Romami

137 2356 269 2442 euriae,
292 2349 382 2442 apud
403 2346 574 2419 Wolfinm
592 2346 797 2452 ‘Memotah
825 2364 911 2453 tom:
938 2347 967 2418 l.
1015 2341 1095 2511 lpse
1116 2343 1267 2444 insignit
1286 2349 1358 2422 hil·

138 2448 273 2520 tonicut
296 2442 501 2514 Matthaeus
527 2436 716 2510 Pattstensts
742 2439 866 2516 nullam
900 2439 994 2511 idem
1037 2438 1173 2513 tciendi
1196 2462 1356 2540 praeter.

135 2540 229 2620 milit
257 2534 493 2611 occasionem:
517 2534 608 2627 apud
625 2554 730 2628 quem
748 2535 842 2608 idem
859 2533 1026 2631 praestitit
1053 2533 1273 2626 Germanus,
1288 2539 1353 2612 Pa·'

135 2634 288 2710 triarcha
314 2626 538 2715 CPolitanus,
554 2625 600 2700 -in
619 2628 722 2722 epist.
748 2631 789 2703 td
810 2631 1016 2728 Gregorium
1034 2631 1098 2705 IX.
1128 2648 1168 2703 et
1188 2632 1359 2708 Cardine.

137 2735 197 2809 tes.
238 2725 389 2901 lljrolilntg
414 2722 547 2895 thKatxtytIh
572 2722 676 2799 Paris.
701 2745 866 2822 excerpta
889 2724 1115 2820 reperiuntur
1138 2724 1178 2800 in
1197 2728 1356 2824 Caratogo

139 2847 212 2904 te.
271 2850 316 2898 rr.
354 2848 401 2896 t.
527 2876 534 2894 .
1207 2844 1211 2851 ·

143 2828 217 3021 fsh.
242 2920 353 2996 CCV.
388 2916 600 3012 cardinales,
638 2913 715 3010 poll
738 2916 844 3011 Papae
868 2915 906 2991 in
930 2916 1084 2993 Ecctefia
1110 2915 1354 2993 honoratiores

139 3022 234 3093 inter
259 3013 412 3089 clericos
437 3013 571 3104 habiti,
613 3014 655 3087 ad
706 3035 766 3085 uos
791 3012 897 3085 etiam
929 3013 1007 3086 sede
1029 3034 1178 3089 vacante
1198 3011 1358 3111 potestat

137 3111 271 3209 Papilio
295 3109 570 3199 devolvebatut3
606 3129 645 3182 ut
667 3036 863 3183 adfirmavit
893 3109 1031 3183 Matth.
1056 3108 1157 3185 Paris.
1183 3132 1216 3182 a.
1247 3132 1357 3207 1243.

138 3230 184 3379 iz
202 3203 818 3398 ittegittssss'hitddtthd'
840 3203 1360 3375 hlthddithdtli

362 3356 372 3389 r
813 3355 821 3374 ·
1081 3354 1092 3390 r

140 3401 262 3494 orgius
285 3397 485 3491 Logotheta
509 3398 545 3471 in
575 3395 774 3484 Chronico,
799 3419 818 3469 a
841 3397 964 3468 Leone
993 3396 1122 3469 Allatio
1148 3397 1262 3470 latine
1275 3420 1358 3471 ver·

140 3498 199 3584 so,
226 3513 263 3567 et
288 3493 467 3567 illustrato.
520 3495 626 3588 Cujus
654 3494 707 3565 rei
727 3488 830 3563 etiam
849 3490 1012 3566 meminit
1039 3512 1233 3602 anonymos
1257 3512 1359 3568 antor

137 3592 231 3665 vitae
255 3589 417 3685 Gregorii
443 3592 529 3680 lx„
570 3588 629 3687 qui
648 3587 719 3663 hoc
734 3586 850 3661 seculo
875 3588 979 3662 vixit.
1027 3588 1175 3661 Me'nt1o
1195 3606 1359 3683 -ptnetet-

141 3712 183 3764 ea
216 3689 259 3760 fit
290 3686 433 3777 capelli,
474 3681 685 3780 nugatori,
719 3683 838 3770 rubei,
871 3683 931 3757 sub
955 3684 1098 3758 Urbano
1123 3684 1214 3771 1v.‚
1250 3706 1357 3780 quem

140 3797 355 3874 occeperunt
380 3778 438 3849 sub
465 3779 675 3850 Innocentio
700 3778 771 3863 11.‚
796 3777 856 3871 qui
878 3779 971 3851 illum
997 3781 1170 3853 honorem
1193 3778 1277 3873 ipfit
1293 3781 1356 3854 de·

143 3878 257 3958 crevit
282 3876 318 3947 in
340 3871 494 3946 concilio
518 3871 741 3969 Lugdunenst
766 3873 817 3959 1.,
844 3892 882 3945 ut
908 3874 1078 3949 Nicolaua
1100 3874 1144 3946 de
1169 3874 1303 3949 Corbio
1317 3876 1356 3951 in

141 3981 215 4077 ejus
237 3971 311 4050 vita
336 3968 462 4056 tradit,
496 3968 553 4053 oui
581 3968 698 4052 addit,
732 3967 933 4042 Cardinales
958 3992 1051 4042 anno
1076 3967 1265 4065 sequente4
1297 3974 1360 4045 sen

146 4082 273 4171 1246„
297 4087 341 4143 eo
362 4064 440 4151 ulos
460 4058 584 4157 effe-in
601 4060 778 4160 colloquio
800 4063 893 4155 inter
915 4067 1042 4162 Papam
1069 4082 1108 4140 et
1127 4066 1358 4193 Ludwicffli
