2976 4830
133 635 211 722 426
523 617 670 710 Uist-:ria
692 620 821 721 Ennius.
848 625 970 722 cni-ist,

132 805 185 882 tis
211 801 447 891 ferdinandi,
473 798 636 874 castellae
661 821 698 873 et
723 803 944 901 Arragoniae
973 806 1109 905 Regis,
1130 810 1175 881 ab
1199 833 1232 885 a.
1263 835 1358 901 turn

133 908 177 977 ad
213 923 320 992 14¹5·
370 901 582 971 Litterarum
611 898 757 969 scientia
780 922 815 969 et
840 905 1044 998 eloquentia
1068 908 1244 994 ce.:bris,
1271 910 1357 983 timui

134 1002 230 1073 viria
268 1002 406 1069 iortuna
427 993 596 1089 jaiiatus,
623 993 692 1066 fuit
718 992 912 1092 iionct‘stus
942 1003 1145 1096 Pniielpius.
1208 1006 1266 1076 De
1296 1028 1356 1102 quo

135 1096 213 1170 vid.
243 1092 399 1188 Foppius
426 1114 461 1164 m
487 1090 639 1163 Misceri.
664 1091 759 1184 Lips.
788 1112 874 1167 tom.
902 1095 949 1168 V.
980 1099 1132 1191 Angelus
1159 1099 1354 1190 Potitianis,

137 1214 158 1266 a
183 1189 319 1286 patrio,
344 1192 431 1259 urbe
461 1186 655 1258 Hetruriae
690 1186 735 1258 stc
758 1186 892 1277 dicius,
921 1213 1130 1289 praecipuus
1154 1197 1352 1270 Litterarum

137 1288 366 1369 instaurator,
393 1305 424 1355 a.
458 1302 561 1371 1494·
597 1279 802 1371 defuntius,
831 1285 1005 1360 variorum
1032 1290 1281 1385 opusculorum
1304 1316 1350 1365 au·

141 1404 200 1459 tor
216 1378 304 1467 fuit,
331 1400 421 1474 quae
439 1398 622 1449 maximam
642 1398 777 1462 partem
794 1379 870 1465 sunt
887 1382 1082 1475 epistolae,
1110 1388 1263 1477 Critrca,
1279 1388 1350 1462 Mis·

139 1481 314 1562 cciianca,
348 1471 594 1547 transsationes
626 1476 792 1546 librorum
829 1477 1047 1550 Graecorum
1073 1502 1149 1554 etc.
1183 1484 1351 1576 inputatur

140 1574 284 1670 quidem
317 1566 382 1667 ipii
408 1589 611 1642 contemtus
642 1571 808 1641 sacrarum
829 1572 1061 1663 Litterarum,
1088 1579 1146 1649 sed
1166 1579 1351 1652 defenditur

144 1675 184 1747 iu
213 1670 316 1741 diario
343 1669 463 1741 leutico
490 1686 574 1739 tom.
605 1664 743 1737 xviri.
796 1665 955 1760 Ejusdem
982 1673 1134 1759 aetatis,
1163 1684 1283 1770 utrque
1302 1695 1349 1745 eo·

144 1768 225 1841 ciem
252 1786 346 1837 anino
370 1762 524 1843 mortui,
557 1760 696 1832 fuerunt
721 1760 927 1835 Hermolaus
951 1766 1142 1855 Barbarus,
1174 1789 1212 1842 et
1239 1771 1347 1866 Johan·

147 1887 211 1938 ner
243 1863 357 1937 Picus.
394 1861 606 1944 Hernquus,
631 1878 710 1927 nam
739 1857 784 1926 de
807 1856 891 1929 Pico
918 1858 1039 1954 postea
1062 1885 1189 1959 agam,
1220 1865 1279 1937 sub
1298 1863 1352 1936 aiio

147 1959 275 2045 titulo,
301 1956 469 2031 Patricius
495 1954 672 2034 Venetus,
696 1975 716 2022 a
740 1950 935 2046 Republica
963 1956 1105 2030 Veneta
1125 1962 1171 2031 ad
1197 1961 1348 2033 innocen·

150 2059 240 2133 tium
274 2054 377 2127 Viti.
410 2076 441 2125 a.
481 2072 585 2139 1494.
620 2047 774 2142 legatus,
808 2068 845 2120 et
871 2049 983 2122 inscio
1010 2055 1143 2126 Senatu
1172 2056 1349 2129 Putriarcin

150 2150 379 2249 Aquileienfis
404 2145 633 2232 constitutus,
668 2148 765 2214 bonis
795 2141 845 2214 est
872 2165 1060 2239 propterea
1089 2150 1292 2237 mulciatus,
1311 2148 1347 2222 ci·

151 2253 263 2323 vitate
293 2247 433 2319 Veneta
458 2244 607 2336 ejectus,
635 2238 711 2310 exul
736 2240 873 2310 Romae
901 2266 1096 2335 pauperem
1125 2248 1226 2341 degit
1249 2248 1347 2318 mun.

152 2344 224 2419 Vir
256 2341 324 2413 fuir
349 2340 397 2413 sui
425 2340 503 2410 aevi
527 2333 768 2420 doctiffimus,
803 2336 1014 2429 optimisque
1039 2344 1214 2416 moribus.
1262 2338 1348 2415 Varia

153 2461 261 2531 opera
289 2435 484 2507 Aristotelis
509 2431 634 2502 Latine
659 2429 789 2516 vertit,
814 2430 1062 2525 castigitiones
1085 2438 1256 2510 Plinianus
1284 2435 1346 2507 edi·

155 2536 227 2618 dit,
263 2530 373 2601 varius
413 2548 550 2622 quoque
589 2522 760 2616 Epistulas
798 2544 834 2596 et
878 2528 1144 2620 Praefutiones,
1176 2535 1344 2605 orationem

155 2624 483 2723 congratulatorium
515 2621 556 2693 ad
586 2619 806 2690 Fredericum
833 2623 1096 2717 inperatorem,
1122 2628 1346 2721 compendium

155 2722 322 2801 scientiae
356 2719 515 2794 naturalis
550 2737 618 2788 erc.
652 2717 824 2786 Succedat
855 2718 1004 2811 denique
1033 2723 1090 2792 vir
1118 2723 1290 2817 egregius,
1317 2736 1346 2790 et

155 2825 350 2905 litteratum
369 2817 492 2904 stator,
516 2813 702 2904 Rudnipirus
718 2810 896 2904 Agricola.
916 2814 1029 2901 Frrso,
1053 2816 1090 2889 in
1112 2842 1206 2911 pago
1223 2818 1347 2900 Basson,

157 2941 270 3021 prope
287 2913 527 3008 Groningam‚
546 2930 663 2989 natus,
684 2911 897 3002 cognomine
913 2934 934 2981 o
952 2912 1063 2982 Siluio
1074 2969 1083 2993 ‚
1094 2916 1189 3006 quod
1206 2940 1226 2985 a
1243 2930 1348 2987 coeno·

159 3018 224 3101 bio
249 3016 275 3085 F
278 3010 371 3083 rifiae
395 3006 586 3083 Orientalis
608 3005 839 3078 Siiomonniken
874 3007 1006 3099 repetit
1038 3008 1286 3083 Harckenroth
1307 3005 1348 3077 ni·

160 3115 207 3190 bi.
242 3112 355 3181 Brcm.
390 3102 477 3178 cnff
514 3103 600 3177 vit.
634 3100 786 3195 linguis,
824 3103 960 3188 Latin,
994 3101 1120 3174 Graec.
1156 3124 1195 3175 et
1231 3107 1347 3185 Heus..

160 3205 320 3308 peritus,
345 3200 486 3298 aliisque
504 3194 656 3273 scientiis
670 3200 781 3290 probe
798 3195 1001 3277 instrueius,
1030 3199 1182 3291 primurn
1201 3200 1352 3297 Syndicur

164 3298 431 3395 groninganus,
476 3296 576 3384 dein,
616 3315 680 3389 per
719 3290 872 3385 ingratos
908 3293 1047 3366 coactus
1086 3296 1203 3381 ciues,
1244 3298 1351 3391 partin

162 3393 383 3483 wormatiae
409 3395 531 3490 degit,
570 3388 698 3485 partim
731 3389 1008 3484 Heidelbergae,
1033 3392 1219 3485 utrobique
1250 3394 1355 3463 litterar

164 3497 310 3573 docens.
362 3489 463 3565 Obiit
488 3487 741 3574 Heidelbergae
765 3506 795 3558 a.
823 3493 926 3574 1485.
973 3486 1093 3580 Opera
1117 3487 1195 3578 ejus
1216 3487 1291 3560 suut
1310 3482 1355 3555 ali·

165 3609 253 3692 quot
284 3584 544 3673 transsationes,
576 3599 614 3655 ut
643 3579 819 3667 Isocratis,
851 3580 1016 3667 Luciani,
1044 3601 1081 3653 et
1108 3584 1271 3671 aliorum,
1299 3603 1357 3652 ora·

164 3695 301 3775 iones,
336 3680 533 3775 Epistolae,
566 3696 672 3751 notae
701 3674 884 3770 inaiiquas
907 3679 1062 3748 Senecae
1087 3678 1360 3763 declamationes,

165 3790 211 3867 de
244 3777 452 3856 inventione
483 3773 677 3859 dialectica,
717 3774 762 3845 de
801 3771 1048 3846 universaiibus
1078 3795 1172 3862 eto,
1212 3770 1359 3863 ssogfssm

166 3885 245 3984 ejus
261 3873 372 3953 exstat
401 3869 491 3967 apud
517 3870 558 3940 L.
589 3868 704 3940 Vives
733 3867 775 3940 ad
798 3867 1024 3943 Auuustinum
1049 3868 1094 3939 de
1117 3874 1248 3942 civitate
1261 3866 1362 3941 neti.

167 3986 197 4061 1,
225 4003 257 4055 c.
284 3997 365 4060 un,
397 3990 435 4042 et
457 3966 563 4040 vitani
586 3965 687 4038 dedit
710 3985 808 4038 autor
830 3962 953 4060 effigiei
978 3983 1015 4037 et
1037 3967 1182 4038 vitarunt
1207 3962 1361 4039 nonno·

263 4065 602 4163 Groningsnoturu..
632 4061 754 4136 Hiber
776 4063 881 4139 etiam
900 4060 1064 4139 nonnulla
1082 4060 1129 4132 de
1144 4061 1224 4151 ipso
1245 4062 1292 4135 H.
1310 4059 1364 4131 nt

20 4100 314 4526 Λε.
338 4157 737 4253 unumunurm
782 4216 812 4225 ..
1046 4152 1369 4255 ucocurrru
