<?xml version="1.0" encoding="UTF-8"?>
<!DOCTYPE html PUBLIC "-//W3C//DTD XHTML 1.0 Transitional//EN"
    "http://www.w3.org/TR/xhtml1/DTD/xhtml1-transitional.dtd">
<html xmlns="http://www.w3.org/1999/xhtml" xml:lang="en" lang="en">
 <head>
  <title>
</title>
<meta http-equiv="Content-Type" content="text/html;charset=utf-8" />
  <meta name='ocr-system' content='tesseract 3.04.00' />
  <meta name='ocr-capabilities' content='ocr_page ocr_carea ocr_par ocr_line ocrx_word'/>
</head>
<body>
  <div class='ocr_page' id='page_1' title='image "./hermannivenemai00venegoog_0045.png"; bbox 0 0 3022 4806; ppageno 0'>
   <div class='ocr_carea' id='block_1_1' title="bbox 134 580 986 686">
    <p class='ocr_par' dir='ltr' id='par_1_1' title="bbox 134 580 986 686">
     <span class='ocr_line' id='line_1_1' title="bbox 134 580 986 686; baseline 0.009 -29"><span class='ocrx_word' id='word_1_1' title='bbox 134 603 198 686; x_wconf 56' lang='grc' dir='ltr'>,μ</span> <span class='ocrx_word' id='word_1_2' title='bbox 538 581 688 685; x_wconf 68' lang='lat' dir='ltr'>bustula</span> <span class='ocrx_word' id='word_1_3' title='bbox 709 580 840 685; x_wconf 80' lang='lat' dir='ltr'>Eccles.</span> <span class='ocrx_word' id='word_1_4' title='bbox 865 580 986 686; x_wconf 76' lang='lat' dir='ltr'>christ.</span> 
     </span>
    </p>
   </div>
   <div class='ocr_carea' id='block_1_2' title="bbox 34 757 1412 4118">
    <p class='ocr_par' dir='ltr' id='par_1_2' title="bbox 34 757 1412 4118">
     <span class='ocr_line' id='line_1_2' title="bbox 154 757 1377 866; baseline 0.007 -29"><span class='ocrx_word' id='word_1_5' title='bbox 154 783 235 838; x_wconf 86' lang='lat' dir='ltr'>man</span> <span class='ocrx_word' id='word_1_6' title='bbox 257 757 295 836; x_wconf 85' lang='lat' dir='ltr'>in</span> <span class='ocrx_word' id='word_1_7' title='bbox 320 758 465 837; x_wconf 83' lang='lat' dir='ltr'>historia</span> <span class='ocrx_word' id='word_1_8' title='bbox 490 761 748 839; x_wconf 69' lang='lat' dir='ltr'>Panded&#39;larum.</span> <span class='ocrx_word' id='word_1_9' title='bbox 800 766 887 839; x_wconf 91' lang='lat' dir='ltr'>Cunr</span> <span class='ocrx_word' id='word_1_10' title='bbox 910 786 997 837; x_wconf 86' lang='lat' dir='ltr'>vero</span> <span class='ocrx_word' id='word_1_11' title='bbox 1023 760 1133 839; x_wconf 82' lang='lat' dir='ltr'>Pisum</span> <span class='ocrx_word' id='word_1_12' title='bbox 1153 785 1377 866; x_wconf 85' lang='lat' dir='ltr'>occuparent</span> 
     </span>
     <span class='ocr_line' id='line_1_3' title="bbox 34 856 1377 948; baseline 0.004 -14"><span class='ocrx_word' id='word_1_13' title='bbox 34 888 40 895; x_wconf 93' lang='lat'><strong>·</strong></span> <span class='ocrx_word' id='word_1_14' title='bbox 158 881 190 935; x_wconf 87' lang='lat' dir='ltr'>a.</span> <span class='ocrx_word' id='word_1_15' title='bbox 226 863 330 948; x_wconf 85' lang='lat'>1146.</span> <span class='ocrx_word' id='word_1_16' title='bbox 363 856 578 948; x_wconf 89' lang='lat' dir='ltr'>Florentini,</span> <span class='ocrx_word' id='word_1_17' title='bbox 617 861 767 934; x_wconf 86' lang='lat' dir='ltr'>eundern</span> <span class='ocrx_word' id='word_1_18' title='bbox 808 863 972 935; x_wconf 88' lang='lat' dir='ltr'>codicem</span> <span class='ocrx_word' id='word_1_19' title='bbox 1009 861 1126 935; x_wconf 85' lang='lat' dir='ltr'>secum</span> <span class='ocrx_word' id='word_1_20' title='bbox 1161 866 1377 941; x_wconf 70' lang='lat' dir='ltr'>florentiam</span> 
     </span>
     <span class='ocr_line' id='line_1_4' title="bbox 158 950 1377 1045; baseline 0.004 -16"><span class='ocrx_word' id='word_1_21' title='bbox 158 953 380 1029; x_wconf 90' lang='lat' dir='ltr'>detulerunt:</span> <span class='ocrx_word' id='word_1_22' title='bbox 407 956 466 1029; x_wconf 92' lang='lat' dir='ltr'>ubi</span> <span class='ocrx_word' id='word_1_23' title='bbox 489 950 708 1045; x_wconf 84' lang='lat' dir='ltr'>adservatur,</span> <span class='ocrx_word' id='word_1_24' title='bbox 742 975 779 1028; x_wconf 88' lang='lat' dir='ltr'>et</span> <span class='ocrx_word' id='word_1_25' title='bbox 803 979 933 1029; x_wconf 89' lang='lat' dir='ltr'>nomen</span> <span class='ocrx_word' id='word_1_26' title='bbox 956 957 1203 1032; x_wconf 74' lang='lat' dir='ltr'>Pandectamm</span> <span class='ocrx_word' id='word_1_27' title='bbox 1231 963 1377 1034; x_wconf 85' lang='lat' dir='ltr'>Floren-</span> 
     </span>
     <span class='ocr_line' id='line_1_5' title="bbox 160 1048 1376 1149; baseline 0.006 -25"><span class='ocrx_word' id='word_1_28' title='bbox 160 1048 311 1124; x_wconf 87' lang='lat' dir='ltr'>tinarum</span> <span class='ocrx_word' id='word_1_29' title='bbox 345 1048 463 1126; x_wconf 73' lang='lat' dir='ltr'>nanus</span> <span class='ocrx_word' id='word_1_30' title='bbox 489 1049 557 1125; x_wconf 83' lang='lat' dir='ltr'>est.</span> <span class='ocrx_word' id='word_1_31' title='bbox 607 1050 757 1124; x_wconf 87' lang='lat' dir='ltr'>Irneriua</span> <span class='ocrx_word' id='word_1_32' title='bbox 781 1073 868 1124; x_wconf 88' lang='lat' dir='ltr'>vero</span> <span class='ocrx_word' id='word_1_33' title='bbox 893 1073 1076 1149; x_wconf 89' lang='lat' dir='ltr'>propterea</span> <span class='ocrx_word' id='word_1_34' title='bbox 1099 1058 1291 1143; x_wconf 80' lang='lat' dir='ltr'>adpellatus</span> <span class='ocrx_word' id='word_1_35' title='bbox 1321 1055 1376 1132; x_wconf 85' lang='lat' dir='ltr'>est</span> 
     </span>
     <span class='ocr_line' id='line_1_6' title="bbox 159 1145 1378 1242; baseline 0.006 -21"><span class='ocrx_word' id='word_1_36' title='bbox 159 1147 311 1222; x_wconf 76' lang='lat' dir='ltr'>Lucerna</span> <span class='ocrx_word' id='word_1_37' title='bbox 336 1150 447 1242; x_wconf 79' lang='lat' dir='ltr'>juris,</span> <span class='ocrx_word' id='word_1_38' title='bbox 489 1166 529 1218; x_wconf 87' lang='lat' dir='ltr'>ec</span> <span class='ocrx_word' id='word_1_39' title='bbox 555 1145 761 1221; x_wconf 86' lang='lat' dir='ltr'>instaurator</span> <span class='ocrx_word' id='word_1_40' title='bbox 786 1147 879 1242; x_wconf 83' lang='lat' dir='ltr'>Jurie</span> <span class='ocrx_word' id='word_1_41' title='bbox 910 1148 1074 1221; x_wconf 89' lang='lat' dir='ltr'>Romani.</span> <span class='ocrx_word' id='word_1_42' title='bbox 1122 1151 1378 1228; x_wconf 81' lang='lat' dir='ltr'>Bononiensem</span> 
     </span>
     <span class='ocr_line' id='line_1_7' title="bbox 157 1239 1378 1338; baseline 0.008 -23"><span class='ocrx_word' id='word_1_43' title='bbox 157 1243 382 1329; x_wconf 79' lang='lat' dir='ltr'>Academiam</span> <span class='ocrx_word' id='word_1_44' title='bbox 419 1239 535 1336; x_wconf 89' lang='lat' dir='ltr'>postea</span> <span class='ocrx_word' id='word_1_45' title='bbox 572 1242 709 1316; x_wconf 83' lang='lat' dir='ltr'>secutae</span> <span class='ocrx_word' id='word_1_46' title='bbox 742 1241 819 1315; x_wconf 88' lang='lat' dir='ltr'>sunt</span> <span class='ocrx_word' id='word_1_47' title='bbox 849 1243 944 1316; x_wconf 88' lang='lat' dir='ltr'>aliae.</span> <span class='ocrx_word' id='word_1_48' title='bbox 993 1245 1128 1338; x_wconf 84' lang='lat' dir='ltr'>Utique</span> <span class='ocrx_word' id='word_1_49' title='bbox 1167 1255 1378 1336; x_wconf 71' lang='lat' dir='ltr'>a.1196.a</span> 
     </span>
     <span class='ocr_line' id='line_1_8' title="bbox 158 1334 1374 1434; baseline 0.004 -20"><span class='ocrx_word' id='word_1_50' title='bbox 158 1336 322 1433; x_wconf 88' lang='lat' dir='ltr'>Philippo</span> <span class='ocrx_word' id='word_1_51' title='bbox 340 1334 519 1434; x_wconf 81' lang='lat' dir='ltr'>Augusto,</span> <span class='ocrx_word' id='word_1_52' title='bbox 539 1335 672 1410; x_wconf 86' lang='lat' dir='ltr'>Galliae</span> <span class='ocrx_word' id='word_1_53' title='bbox 691 1337 814 1434; x_wconf 85' lang='lat' dir='ltr'>Rege,</span> <span class='ocrx_word' id='word_1_54' title='bbox 836 1337 924 1432; x_wconf 85' lang='lat' dir='ltr'>juris</span> <span class='ocrx_word' id='word_1_55' title='bbox 940 1339 1093 1413; x_wconf 89' lang='lat' dir='ltr'>Romani</span> <span class='ocrx_word' id='word_1_56' title='bbox 1110 1339 1286 1415; x_wconf 84' lang='lat' dir='ltr'>institutio</span> <span class='ocrx_word' id='word_1_57' title='bbox 1302 1344 1374 1419; x_wconf 87' lang='lat' dir='ltr'>fuit</span> 
     </span>
     <span class='ocr_line' id='line_1_9' title="bbox 159 1431 1374 1529; baseline 0.008 -25"><span class='ocrx_word' id='word_1_58' title='bbox 159 1431 426 1525; x_wconf 84' lang='lat' dir='ltr'>Monpeffulum</span> <span class='ocrx_word' id='word_1_59' title='bbox 454 1432 671 1522; x_wconf 78' lang='lat' dir='ltr'>introdudla,</span> <span class='ocrx_word' id='word_1_60' title='bbox 698 1453 736 1504; x_wconf 92' lang='lat' dir='ltr'>et</span> <span class='ocrx_word' id='word_1_61' title='bbox 760 1433 875 1507; x_wconf 91' lang='lat' dir='ltr'>seculo</span> <span class='ocrx_word' id='word_1_62' title='bbox 895 1433 1060 1529; x_wconf 89' lang='lat' dir='ltr'>sequente</span> <span class='ocrx_word' id='word_1_63' title='bbox 1076 1457 1096 1506; x_wconf 92' lang='lat' dir='ltr'>a</span> <span class='ocrx_word' id='word_1_64' title='bbox 1114 1437 1141 1506; x_wconf 88' lang='lat' dir='ltr'>F</span> <span class='ocrx_word' id='word_1_65' title='bbox 1143 1436 1303 1510; x_wconf 91' lang='lat' dir='ltr'>rederico</span> <span class='ocrx_word' id='word_1_66' title='bbox 1324 1441 1374 1517; x_wconf 88' lang='lat' dir='ltr'>ii.</span> 
     </span>
     <span class='ocr_line' id='line_1_10' title="bbox 162 1524 1379 1624; baseline 0.007 -22"><span class='ocrx_word' id='word_1_67' title='bbox 162 1524 308 1602; x_wconf 87' lang='lat' dir='ltr'>Caesare</span> <span class='ocrx_word' id='word_1_68' title='bbox 328 1526 367 1600; x_wconf 89' lang='lat' dir='ltr'>in</span> <span class='ocrx_word' id='word_1_69' title='bbox 392 1527 544 1602; x_wconf 91' lang='lat' dir='ltr'>scholam</span> <span class='ocrx_word' id='word_1_70' title='bbox 568 1527 777 1602; x_wconf 84' lang='lat' dir='ltr'>Patavinani.</span> <span class='ocrx_word' id='word_1_71' title='bbox 828 1529 938 1622; x_wconf 84' lang='lat' dir='ltr'>Neque</span> <span class='ocrx_word' id='word_1_72' title='bbox 970 1530 1028 1603; x_wconf 87' lang='lat' dir='ltr'>boc</span> <span class='ocrx_word' id='word_1_73' title='bbox 1057 1534 1379 1624; x_wconf 79' lang='lat' dir='ltr'>praetermittendum</span> 
     </span>
     <span class='ocr_line' id='line_1_11' title="bbox 160 1620 1378 1719; baseline 0.006 -21"><span class='ocrx_word' id='word_1_74' title='bbox 160 1648 178 1698; x_wconf 94' lang='lat' dir='ltr'>e</span> <span class='ocrx_word' id='word_1_75' title='bbox 218 1677 228 1714; x_wconf 92' lang='lat'>,</span> <span class='ocrx_word' id='word_1_76' title='bbox 254 1626 360 1697; x_wconf 88' lang='lat' dir='ltr'>verba</span> <span class='ocrx_word' id='word_1_77' title='bbox 385 1625 462 1699; x_wconf 92' lang='lat' dir='ltr'>sunt</span> <span class='ocrx_word' id='word_1_78' title='bbox 486 1624 676 1699; x_wconf 89' lang='lat' dir='ltr'>Muratorii</span> <span class='ocrx_word' id='word_1_79' title='bbox 694 1620 730 1695; x_wconf 88' lang='lat' dir='ltr'>iu</span> <span class='ocrx_word' id='word_1_80' title='bbox 752 1624 924 1719; x_wconf 82' lang='lat' dir='ltr'>Antiquit.</span> <span class='ocrx_word' id='word_1_81' title='bbox 950 1624 1068 1699; x_wconf 86' lang='lat' dir='ltr'>ltaliae</span> <span class='ocrx_word' id='word_1_82' title='bbox 1092 1627 1198 1702; x_wconf 91' lang='lat' dir='ltr'>medii</span> <span class='ocrx_word' id='word_1_83' title='bbox 1213 1631 1290 1703; x_wconf 90' lang='lat' dir='ltr'>aevi</span> <span class='ocrx_word' id='word_1_84' title='bbox 1309 1630 1378 1704; x_wconf 91' lang='lat' dir='ltr'>dis·</span> 
     </span>
     <span class='ocr_line' id='line_1_12' title="bbox 175 1719 1380 1815; baseline 0.008 -24"><span class='ocrx_word' id='word_1_85' title='bbox 175 1738 243 1794; x_wconf 86' lang='lat' dir='ltr'>ert.</span> <span class='ocrx_word' id='word_1_86' title='bbox 268 1720 405 1809; x_wconf 74' lang='lat' dir='ltr'>xxii..</span> <span class='ocrx_word' id='word_1_87' title='bbox 447 1721 525 1813; x_wconf 85' lang='lat' dir='ltr'>quod</span> <span class='ocrx_word' id='word_1_88' title='bbox 546 1721 631 1813; x_wconf 87' lang='lat' dir='ltr'>apud</span> <span class='ocrx_word' id='word_1_89' title='bbox 652 1721 793 1812; x_wconf 83' lang='lat' dir='ltr'>majores</span> <span class='ocrx_word' id='word_1_90' title='bbox 817 1719 955 1815; x_wconf 80' lang='lat' dir='ltr'>nostros,</span> <span class='ocrx_word' id='word_1_91' title='bbox 981 1738 1152 1815; x_wconf 82' lang='lat' dir='ltr'>antequam</span> <span class='ocrx_word' id='word_1_92' title='bbox 1178 1727 1380 1801; x_wconf 78' lang='lat' dir='ltr'>inveberetur</span> 
     </span>
     <span class='ocr_line' id='line_1_13' title="bbox 156 1812 1377 1915; baseline 0.011 -30"><span class='ocrx_word' id='word_1_93' title='bbox 156 1833 217 1910; x_wconf 88' lang='lat' dir='ltr'>per</span> <span class='ocrx_word' id='word_1_94' title='bbox 249 1812 431 1911; x_wconf 80' lang='lat' dir='ltr'>uniuersam</span> <span class='ocrx_word' id='word_1_95' title='bbox 462 1816 600 1891; x_wconf 86' lang='lat' dir='ltr'>Italiam</span> <span class='ocrx_word' id='word_1_96' title='bbox 632 1812 784 1911; x_wconf 86' lang='lat' dir='ltr'>profeffio</span> <span class='ocrx_word' id='word_1_97' title='bbox 811 1818 901 1911; x_wconf 80' lang='lat' dir='ltr'>juris</span> <span class='ocrx_word' id='word_1_98' title='bbox 933 1813 1095 1904; x_wconf 86' lang='lat' dir='ltr'>Romani,</span> <span class='ocrx_word' id='word_1_99' title='bbox 1135 1835 1167 1889; x_wconf 91' lang='lat' dir='ltr'>et</span> <span class='ocrx_word' id='word_1_100' title='bbox 1193 1825 1226 1891; x_wconf 89' lang='lat' dir='ltr'>in</span> <span class='ocrx_word' id='word_1_101' title='bbox 1250 1820 1377 1915; x_wconf 79' lang='lat' dir='ltr'>sobolis</span> 
     </span>
     <span class='ocr_line' id='line_1_14' title="bbox 160 1909 1375 2008; baseline 0.007 -23"><span class='ocrx_word' id='word_1_102' title='bbox 160 1909 428 2004; x_wconf 82' lang='lat' dir='ltr'>bononienstbur,</span> <span class='ocrx_word' id='word_1_103' title='bbox 452 1909 585 2007; x_wconf 85' lang='lat' dir='ltr'>aliisque</span> <span class='ocrx_word' id='word_1_104' title='bbox 599 1909 828 2006; x_wconf 78' lang='lat' dir='ltr'>subsequutis,</span> <span class='ocrx_word' id='word_1_105' title='bbox 860 1909 1031 1983; x_wconf 83' lang='lat' dir='ltr'>Romanae</span> <span class='ocrx_word' id='word_1_106' title='bbox 1054 1913 1143 2005; x_wconf 86' lang='lat' dir='ltr'>leger</span> <span class='ocrx_word' id='word_1_107' title='bbox 1169 1918 1375 2008; x_wconf 82' lang='lat' dir='ltr'>explicaren-</span> 
     </span>
     <span class='ocr_line' id='line_1_15' title="bbox 162 2004 1378 2108; baseline 0.004 -26"><span class='ocrx_word' id='word_1_108' title='bbox 162 2026 235 2094; x_wconf 84' lang='lat' dir='ltr'>tur,</span> <span class='ocrx_word' id='word_1_109' title='bbox 263 2004 495 2100; x_wconf 81' lang='lat' dir='ltr'>controverstae</span> <span class='ocrx_word' id='word_1_110' title='bbox 504 2007 577 2098; x_wconf 79' lang='lat' dir='ltr'>stne</span> <span class='ocrx_word' id='word_1_111' title='bbox 596 2022 644 2079; x_wconf 93' lang='lat' dir='ltr'>tot</span> <span class='ocrx_word' id='word_1_112' title='bbox 670 2008 902 2092; x_wconf 77' lang='lat' dir='ltr'>citationibus,</span> <span class='ocrx_word' id='word_1_113' title='bbox 929 2008 1235 2099; x_wconf 80' lang='lat' dir='ltr'>protestationibus,</span> <span class='ocrx_word' id='word_1_114' title='bbox 1260 2034 1378 2108; x_wconf 75' lang='lat' dir='ltr'>excep·</span> 
     </span>
     <span class='ocr_line' id='line_1_16' title="bbox 160 2100 1412 2197; baseline 0.006 -19"><span class='ocrx_word' id='word_1_115' title='bbox 160 2107 322 2192; x_wconf 75' lang='lat' dir='ltr'>tionibus,</span> <span class='ocrx_word' id='word_1_116' title='bbox 346 2107 535 2196; x_wconf 74' lang='lat' dir='ltr'>instantiis,</span> <span class='ocrx_word' id='word_1_117' title='bbox 562 2102 837 2190; x_wconf 70' lang='lat' dir='ltr'>contradictoriis,</span> <span class='ocrx_word' id='word_1_118' title='bbox 861 2100 996 2196; x_wconf 85' lang='lat' dir='ltr'>aliisque</span> <span class='ocrx_word' id='word_1_119' title='bbox 1014 2107 1158 2197; x_wconf 81' lang='lat' dir='ltr'>aeternis</span> <span class='ocrx_word' id='word_1_120' title='bbox 1180 2101 1256 2197; x_wconf 89' lang='lat' dir='ltr'>fori</span> <span class='ocrx_word' id='word_1_121' title='bbox 1283 2112 1376 2186; x_wconf 84' lang='lat' dir='ltr'>nodis</span> <span class='ocrx_word' id='word_1_122' title='bbox 1408 2147 1412 2154; x_wconf 96' lang='lat'><em>·</em></span> 
     </span>
     <span class='ocr_line' id='line_1_17' title="bbox 160 2196 1376 2294; baseline 0.002 -18"><span class='ocrx_word' id='word_1_123' title='bbox 160 2225 203 2276; x_wconf 88' lang='lat' dir='ltr'>ttt</span> <span class='ocrx_word' id='word_1_124' title='bbox 218 2197 362 2293; x_wconf 86' lang='lat' dir='ltr'>funibus</span> <span class='ocrx_word' id='word_1_125' title='bbox 387 2202 647 2294; x_wconf 78' lang='lat' dir='ltr'>expediebantur.</span> <span class='ocrx_word' id='word_1_126' title='bbox 692 2203 741 2272; x_wconf 80' lang='lat' dir='ltr'>At</span> <span class='ocrx_word' id='word_1_127' title='bbox 766 2203 824 2272; x_wconf 82' lang='lat' dir='ltr'>rix</span> <span class='ocrx_word' id='word_1_128' title='bbox 856 2197 1084 2290; x_wconf 86' lang='lat' dir='ltr'>Legule&#39;oruni</span> <span class='ocrx_word' id='word_1_129' title='bbox 1115 2196 1295 2294; x_wconf 84' lang='lat' dir='ltr'>respublica</span> <span class='ocrx_word' id='word_1_130' title='bbox 1324 2210 1376 2280; x_wconf 87' lang='lat' dir='ltr'>in·</span> 
     </span>
     <span class='ocr_line' id='line_1_18' title="bbox 162 2221 1376 2394; baseline 0.002 -22"><span class='ocrx_word' id='word_1_131' title='bbox 162 2299 289 2384; x_wconf 79' lang='lat' dir='ltr'>tabuit,</span> <span class='ocrx_word' id='word_1_132' title='bbox 322 2313 353 2368; x_wconf 90' lang='lat' dir='ltr'>et</span> <span class='ocrx_word' id='word_1_133' title='bbox 370 2300 462 2390; x_wconf 83' lang='lat' dir='ltr'>juris</span> <span class='ocrx_word' id='word_1_134' title='bbox 484 2295 627 2366; x_wconf 86' lang='lat' dir='ltr'>Romani</span> <span class='ocrx_word' id='word_1_135' title='bbox 641 2292 799 2387; x_wconf 87' lang='lat' dir='ltr'>sacraria</span> <span class='ocrx_word' id='word_1_136' title='bbox 825 2309 940 2384; x_wconf 86' lang='lat' dir='ltr'>aperta</span> <span class='ocrx_word' id='word_1_137' title='bbox 951 2221 1072 2384; x_wconf 48' lang='lat' dir='ltr'>fluere,</span> <span class='ocrx_word' id='word_1_138' title='bbox 1104 2318 1197 2388; x_wconf 82' lang='lat' dir='ltr'>quum</span> <span class='ocrx_word' id='word_1_139' title='bbox 1223 2299 1278 2371; x_wconf 85' lang='lat' dir='ltr'>ria</span> <span class='ocrx_word' id='word_1_140' title='bbox 1299 2325 1376 2394; x_wconf 87' lang='lat' dir='ltr'>quo·</span> 
     </span>
     <span class='ocr_line' id='line_1_19' title="bbox 160 2388 1375 2488; baseline 0.008 -29"><span class='ocrx_word' id='word_1_141' title='bbox 160 2413 217 2487; x_wconf 80' lang='lat' dir='ltr'>pue</span> <span class='ocrx_word' id='word_1_142' title='bbox 248 2390 392 2480; x_wconf 82' lang='lat' dir='ltr'>reserata</span> <span class='ocrx_word' id='word_1_143' title='bbox 412 2388 496 2483; x_wconf 78' lang='lat' dir='ltr'>fnit</span> <span class='ocrx_word' id='word_1_144' title='bbox 528 2392 622 2460; x_wconf 82' lang='lat' dir='ltr'>tritis</span> <span class='ocrx_word' id='word_1_145' title='bbox 653 2391 816 2474; x_wconf 87' lang='lat' dir='ltr'>omnibus,</span> <span class='ocrx_word' id='word_1_146' title='bbox 856 2391 971 2480; x_wconf 86' lang='lat' dir='ltr'>quibus</span> <span class='ocrx_word' id='word_1_147' title='bbox 1004 2391 1079 2460; x_wconf 86' lang='lat' dir='ltr'>liter</span> <span class='ocrx_word' id='word_1_148' title='bbox 1110 2410 1187 2466; x_wconf 86' lang='lat' dir='ltr'>tunc</span> <span class='ocrx_word' id='word_1_149' title='bbox 1222 2402 1375 2488; x_wconf 81' lang='lat' dir='ltr'>temporit</span> 
     </span>
     <span class='ocr_line' id='line_1_20' title="bbox 162 2481 1374 2579; baseline 0.005 -17"><span class='ocrx_word' id='word_1_150' title='bbox 162 2490 317 2562; x_wconf 80' lang='lat' dir='ltr'>obnoxiae</span> <span class='ocrx_word' id='word_1_151' title='bbox 340 2481 442 2579; x_wconf 90' lang='lat' dir='ltr'>sunt,</span> <span class='ocrx_word' id='word_1_152' title='bbox 483 2499 515 2556; x_wconf 90' lang='lat' dir='ltr'>et</span> <span class='ocrx_word' id='word_1_153' title='bbox 548 2487 588 2555; x_wconf 90' lang='lat' dir='ltr'>ob</span> <span class='ocrx_word' id='word_1_154' title='bbox 615 2505 696 2576; x_wconf 79' lang='lat' dir='ltr'>quas</span> <span class='ocrx_word' id='word_1_155' title='bbox 727 2483 885 2554; x_wconf 85' lang='lat' dir='ltr'>interdura</span> <span class='ocrx_word' id='word_1_156' title='bbox 914 2499 1157 2579; x_wconf 80' lang='lat' dir='ltr'>perpetuantur.</span> <span class='ocrx_word' id='word_1_157' title='bbox 1206 2489 1374 2568; x_wconf 85' lang='lat' dir='ltr'>Ceterum</span> 
     </span>
     <span class='ocr_line' id='line_1_21' title="bbox 160 2576 1375 2674; baseline -0.006 -19"><span class='ocrx_word' id='word_1_158' title='bbox 160 2599 281 2668; x_wconf 84' lang='lat' dir='ltr'>antea,</span> <span class='ocrx_word' id='word_1_159' title='bbox 321 2603 434 2674; x_wconf 90' lang='lat' dir='ltr'>aquo</span> <span class='ocrx_word' id='word_1_160' title='bbox 466 2577 597 2651; x_wconf 81' lang='lat' dir='ltr'>barbari</span> <span class='ocrx_word' id='word_1_161' title='bbox 622 2576 741 2672; x_wconf 88' lang='lat' dir='ltr'>populi</span> <span class='ocrx_word' id='word_1_162' title='bbox 772 2576 809 2651; x_wconf 94' lang='lat' dir='ltr'>in</span> <span class='ocrx_word' id='word_1_163' title='bbox 843 2600 900 2651; x_wconf 82' lang='lat' dir='ltr'>eae</span> <span class='ocrx_word' id='word_1_164' title='bbox 932 2599 1047 2674; x_wconf 88' lang='lat' dir='ltr'>partes</span> <span class='ocrx_word' id='word_1_165' title='bbox 1081 2581 1274 2674; x_wconf 88' lang='lat' dir='ltr'>irruerunt,</span> <span class='ocrx_word' id='word_1_166' title='bbox 1318 2590 1375 2663; x_wconf 82' lang='lat' dir='ltr'>vj.</span> 
     </span>
     <span class='ocr_line' id='line_1_22' title="bbox 162 2669 1376 2774; baseline 0.008 -26"><span class='ocrx_word' id='word_1_167' title='bbox 162 2694 314 2774; x_wconf 84' lang='lat' dir='ltr'>guerunt</span> <span class='ocrx_word' id='word_1_168' title='bbox 337 2676 431 2770; x_wconf 85' lang='lat' dir='ltr'>leges</span> <span class='ocrx_word' id='word_1_169' title='bbox 455 2672 762 2770; x_wconf 83' lang='lat' dir='ltr'>Longobardicae‚</span> <span class='ocrx_word' id='word_1_170' title='bbox 790 2669 939 2759; x_wconf 79' lang='lat' dir='ltr'>siricae,</span> <span class='ocrx_word' id='word_1_171' title='bbox 964 2675 1170 2771; x_wconf 89' lang='lat' dir='ltr'>Ripuariae,</span> <span class='ocrx_word' id='word_1_172' title='bbox 1204 2700 1273 2754; x_wconf 90' lang='lat' dir='ltr'>etc.</span> <span class='ocrx_word' id='word_1_173' title='bbox 1300 2683 1376 2758; x_wconf 87' lang='lat' dir='ltr'>edi·</span> 
     </span>
     <span class='ocr_line' id='line_1_23' title="bbox 161 2767 1376 2867; baseline 0.004 -21"><span class='ocrx_word' id='word_1_174' title='bbox 161 2791 218 2846; x_wconf 83' lang='lat' dir='ltr'>tae</span> <span class='ocrx_word' id='word_1_175' title='bbox 243 2771 284 2844; x_wconf 91' lang='lat' dir='ltr'>ab</span> <span class='ocrx_word' id='word_1_176' title='bbox 311 2771 492 2860; x_wconf 87' lang='lat' dir='ltr'>Heroldo,</span> <span class='ocrx_word' id='word_1_177' title='bbox 518 2767 803 2863; x_wconf 86' lang='lat' dir='ltr'>Lindenbrogio,</span> <span class='ocrx_word' id='word_1_178' title='bbox 836 2768 1074 2861; x_wconf 89' lang='lat' dir='ltr'>Wendelino,</span> <span class='ocrx_word' id='word_1_179' title='bbox 1101 2773 1286 2867; x_wconf 87' lang='lat' dir='ltr'>Goldasto,</span> <span class='ocrx_word' id='word_1_180' title='bbox 1310 2779 1376 2856; x_wconf 87' lang='lat' dir='ltr'>Ba·</span> 
     </span>
     <span class='ocr_line' id='line_1_24' title="bbox 94 2862 1374 2966; baseline 0.006 -22"><span class='ocrx_word' id='word_1_181' title='bbox 94 2894 97 2902; x_wconf 78' lang='grc'>’</span> <span class='ocrx_word' id='word_1_182' title='bbox 157 2868 252 2943; x_wconf 88' lang='lat' dir='ltr'>luzio</span> <span class='ocrx_word' id='word_1_183' title='bbox 275 2886 369 2956; x_wconf 89' lang='lat' dir='ltr'>etc.,</span> <span class='ocrx_word' id='word_1_184' title='bbox 395 2889 462 2951; x_wconf 85' lang='lat' dir='ltr'>nec</span> <span class='ocrx_word' id='word_1_185' title='bbox 484 2889 556 2940; x_wconf 90' lang='lat' dir='ltr'>uon</span> <span class='ocrx_word' id='word_1_186' title='bbox 573 2863 862 2952; x_wconf 76' lang='lat' dir='ltr'>consuetudines,</span> <span class='ocrx_word' id='word_1_187' title='bbox 883 2862 1027 2954; x_wconf 83' lang='lat' dir='ltr'>statuta,</span> <span class='ocrx_word' id='word_1_188' title='bbox 1054 2889 1090 2940; x_wconf 89' lang='lat' dir='ltr'>et</span> <span class='ocrx_word' id='word_1_189' title='bbox 1106 2871 1203 2966; x_wconf 84' lang='lat' dir='ltr'>leges</span> <span class='ocrx_word' id='word_1_190' title='bbox 1226 2875 1374 2952; x_wconf 86' lang='lat' dir='ltr'>munici-</span> 
     </span>
     <span class='ocr_line' id='line_1_25' title="bbox 160 2960 1376 3057; baseline 0.01 -21"><span class='ocrx_word' id='word_1_191' title='bbox 160 2965 272 3057; x_wconf 87' lang='lat' dir='ltr'>pales,</span> <span class='ocrx_word' id='word_1_192' title='bbox 312 2963 436 3052; x_wconf 88' lang='lat' dir='ltr'>quibus</span> <span class='ocrx_word' id='word_1_193' title='bbox 468 2961 632 3057; x_wconf 77' lang='lat' dir='ltr'>deinceps</span> <span class='ocrx_word' id='word_1_194' title='bbox 657 2960 901 3056; x_wconf 84' lang='lat' dir='ltr'>praerogativa</span> <span class='ocrx_word' id='word_1_195' title='bbox 934 2960 985 3034; x_wconf 90' lang='lat' dir='ltr'>est</span> <span class='ocrx_word' id='word_1_196' title='bbox 1010 2963 1109 3054; x_wconf 88' lang='lat' dir='ltr'>data,</span> <span class='ocrx_word' id='word_1_197' title='bbox 1151 2967 1240 3038; x_wconf 84' lang='lat' dir='ltr'>adeo</span> <span class='ocrx_word' id='word_1_198' title='bbox 1266 2990 1304 3043; x_wconf 93' lang='lat' dir='ltr'>ut</span> <span class='ocrx_word' id='word_1_199' title='bbox 1329 2972 1376 3048; x_wconf 91' lang='lat' dir='ltr'>ad</span> 
     </span>
     <span class='ocr_line' id='line_1_26' title="bbox 131 3055 1374 3156; baseline 0.009 -24"><span class='ocrx_word' id='word_1_200' title='bbox 131 3061 275 3156; x_wconf 74' lang='lat' dir='ltr'>,legem</span> <span class='ocrx_word' id='word_1_201' title='bbox 306 3058 500 3131; x_wconf 86' lang='lat' dir='ltr'>Romanam</span> <span class='ocrx_word' id='word_1_202' title='bbox 533 3057 568 3132; x_wconf 93' lang='lat' dir='ltr'>se</span> <span class='ocrx_word' id='word_1_203' title='bbox 599 3055 836 3142; x_wconf 87' lang='lat' dir='ltr'>contulerint,</span> <span class='ocrx_word' id='word_1_204' title='bbox 879 3056 937 3129; x_wconf 91' lang='lat' dir='ltr'>ubi</span> <span class='ocrx_word' id='word_1_205' title='bbox 971 3056 1092 3132; x_wconf 83' lang='lat' dir='ltr'>statuta</span> <span class='ocrx_word' id='word_1_206' title='bbox 1128 3059 1213 3134; x_wconf 89' lang='lat' dir='ltr'>nihil</span> <span class='ocrx_word' id='word_1_207' title='bbox 1248 3086 1374 3143; x_wconf 90' lang='lat' dir='ltr'>contra</span> 
     </span>
     <span class='ocr_line' id='line_1_27' title="bbox 159 3151 1374 3251; baseline 0.007 -22"><span class='ocrx_word' id='word_1_208' title='bbox 159 3155 403 3230; x_wconf 87' lang='lat' dir='ltr'>decreverunt.</span> <span class='ocrx_word' id='word_1_209' title='bbox 451 3152 520 3228; x_wconf 88' lang='lat' dir='ltr'>Sed</span> <span class='ocrx_word' id='word_1_210' title='bbox 552 3177 723 3229; x_wconf 91' lang='lat' dir='ltr'>unacum</span> <span class='ocrx_word' id='word_1_211' title='bbox 750 3151 839 3246; x_wconf 78' lang='lat' dir='ltr'>jurii</span> <span class='ocrx_word' id='word_1_212' title='bbox 861 3151 977 3225; x_wconf 88' lang='lat' dir='ltr'>civilis</span> <span class='ocrx_word' id='word_1_213' title='bbox 1014 3156 1223 3242; x_wconf 78' lang='lat' dir='ltr'>professione</span> <span class='ocrx_word' id='word_1_214' title='bbox 1248 3164 1374 3251; x_wconf 87' lang='lat' dir='ltr'>coepit</span> 
     </span>
     <span class='ocr_line' id='line_1_28' title="bbox 158 3245 1374 3349; baseline 0.001 -23.998"><span class='ocrx_word' id='word_1_215' title='bbox 158 3249 252 3349; x_wconf 82' lang='lat' dir='ltr'>Juria</span> <span class='ocrx_word' id='word_1_216' title='bbox 276 3249 442 3323; x_wconf 86' lang='lat' dir='ltr'>Canonici</span> <span class='ocrx_word' id='word_1_217' title='bbox 474 3274 536 3343; x_wconf 89' lang='lat' dir='ltr'>per</span> <span class='ocrx_word' id='word_1_218' title='bbox 569 3248 777 3327; x_wconf 84' lang='lat' dir='ltr'>Gratianum</span> <span class='ocrx_word' id='word_1_219' title='bbox 810 3247 844 3319; x_wconf 90' lang='lat' dir='ltr'>in</span> <span class='ocrx_word' id='word_1_220' title='bbox 872 3245 987 3331; x_wconf 86' lang='lat' dir='ltr'>schola</span> <span class='ocrx_word' id='word_1_221' title='bbox 1012 3250 1232 3326; x_wconf 85' lang='lat' dir='ltr'>Bononiensi.</span> <span class='ocrx_word' id='word_1_222' title='bbox 1284 3257 1374 3334; x_wconf 89' lang='lat' dir='ltr'>Vid.</span> 
     </span>
     <span class='ocr_line' id='line_1_29' title="bbox 159 3344 1377 3441; baseline 0.005 -19"><span class='ocrx_word' id='word_1_223' title='bbox 159 3367 264 3429; x_wconf 85' lang='lat' dir='ltr'>autor</span> <span class='ocrx_word' id='word_1_224' title='bbox 287 3344 384 3419; x_wconf 83' lang='lat' dir='ltr'>vitae</span> <span class='ocrx_word' id='word_1_225' title='bbox 409 3344 579 3422; x_wconf 87' lang='lat' dir='ltr'>Gratiani.</span> <span class='ocrx_word' id='word_1_226' title='bbox 629 3344 851 3441; x_wconf 86' lang='lat' dir='ltr'>Theologiae</span> <span class='ocrx_word' id='word_1_227' title='bbox 875 3367 961 3417; x_wconf 90' lang='lat' dir='ltr'>vero</span> <span class='ocrx_word' id='word_1_228' title='bbox 980 3346 1181 3437; x_wconf 80' lang='lat' dir='ltr'>professioni</span> <span class='ocrx_word' id='word_1_229' title='bbox 1205 3347 1253 3423; x_wconf 92' lang='lat' dir='ltr'>ibi</span> <span class='ocrx_word' id='word_1_230' title='bbox 1276 3353 1377 3428; x_wconf 78' lang='lat' dir='ltr'>locut</span> 
     </span>
     <span class='ocr_line' id='line_1_30' title="bbox 158 3439 1375 3552; baseline 0.005 -34"><span class='ocrx_word' id='word_1_231' title='bbox 158 3464 232 3518; x_wconf 86' lang='lat' dir='ltr'>uon</span> <span class='ocrx_word' id='word_1_232' title='bbox 256 3440 324 3514; x_wconf 85' lang='lat' dir='ltr'>suit</span> <span class='ocrx_word' id='word_1_233' title='bbox 349 3461 432 3516; x_wconf 88' lang='lat' dir='ltr'>aute</span> <span class='ocrx_word' id='word_1_234' title='bbox 455 3439 604 3516; x_wconf 88' lang='lat' dir='ltr'>seculum</span> <span class='ocrx_word' id='word_1_235' title='bbox 628 3440 751 3528; x_wconf 82' lang='lat' dir='ltr'>xiv..</span> <span class='ocrx_word' id='word_1_236' title='bbox 777 3440 915 3552; x_wconf 79' lang='lat' dir='ltr'>quando</span> <span class='ocrx_word' id='word_1_237' title='bbox 931 3465 1006 3515; x_wconf 89' lang='lat' dir='ltr'>eain</span> <span class='ocrx_word' id='word_1_238' title='bbox 1025 3441 1177 3517; x_wconf 89' lang='lat' dir='ltr'>instituit</span> <span class='ocrx_word' id='word_1_239' title='bbox 1200 3446 1375 3524; x_wconf 84' lang='lat' dir='ltr'>Innocen-</span> 
     </span>
     <span class='ocr_line' id='line_1_31' title="bbox 158 3534 861 3628; baseline -0.003 -16"><span class='ocrx_word' id='word_1_240' title='bbox 158 3536 228 3628; x_wconf 80' lang='lat' dir='ltr'>tius</span> <span class='ocrx_word' id='word_1_241' title='bbox 251 3536 341 3619; x_wconf 87' lang='lat' dir='ltr'>iv..</span> <span class='ocrx_word' id='word_1_242' title='bbox 367 3539 421 3611; x_wconf 85' lang='lat' dir='ltr'>vei</span> <span class='ocrx_word' id='word_1_243' title='bbox 445 3537 674 3622; x_wconf 78' lang='lat' dir='ltr'>celebriorem</span> <span class='ocrx_word' id='word_1_244' title='bbox 696 3534 861 3614; x_wconf 81' lang='lat' dir='ltr'>reddidit.</span> 
     </span>
     <span class='ocr_line' id='line_1_32' title="bbox 165 3628 1370 3802; baseline 0.009 -98"><span class='ocrx_word' id='word_1_245' title='bbox 165 3659 168 3665; x_wconf 46' lang='lat'>¹</span> <span class='ocrx_word' id='word_1_246' title='bbox 203 3629 376 3802; x_wconf 58' lang='lat' dir='ltr'>2XXX.</span> <span class='ocrx_word' id='word_1_247' title='bbox 408 3633 549 3707; x_wconf 85' lang='lat' dir='ltr'>Praeter</span> <span class='ocrx_word' id='word_1_248' title='bbox 576 3632 828 3711; x_wconf 85' lang='lat' dir='ltr'>Bononiensem</span> <span class='ocrx_word' id='word_1_249' title='bbox 858 3628 1008 3704; x_wconf 89' lang='lat' dir='ltr'>scholam</span> <span class='ocrx_word' id='word_1_250' title='bbox 1039 3632 1163 3718; x_wconf 87' lang='lat' dir='ltr'>floruit</span> <span class='ocrx_word' id='word_1_251' title='bbox 1189 3636 1260 3713; x_wconf 90' lang='lat' dir='ltr'>hoc</span> <span class='ocrx_word' id='word_1_252' title='bbox 1298 3641 1370 3716; x_wconf 90' lang='lat' dir='ltr'>sec.</span> 
     </span>
     <span class='ocr_line' id='line_1_33' title="bbox 155 3721 1375 3826; baseline 0.005 -21"><span class='ocrx_word' id='word_1_253' title='bbox 155 3721 207 3808; x_wconf 73' lang='lat' dir='ltr'>Sa</span> <span class='ocrx_word' id='word_1_254' title='bbox 238 3731 373 3805; x_wconf 84' lang='lat' dir='ltr'>initana</span> <span class='ocrx_word' id='word_1_255' title='bbox 398 3728 437 3804; x_wconf 91' lang='lat' dir='ltr'>in</span> <span class='ocrx_word' id='word_1_256' title='bbox 461 3727 600 3816; x_wconf 84' lang='lat' dir='ltr'>Sicilia,</span> <span class='ocrx_word' id='word_1_257' title='bbox 639 3726 746 3803; x_wconf 86' lang='lat' dir='ltr'>sedin</span> <span class='ocrx_word' id='word_1_258' title='bbox 763 3751 831 3824; x_wconf 91' lang='lat' dir='ltr'>qua</span> <span class='ocrx_word' id='word_1_259' title='bbox 847 3749 902 3800; x_wconf 83' lang='lat' dir='ltr'>aii</span> <span class='ocrx_word' id='word_1_260' title='bbox 918 3727 1065 3802; x_wconf 88' lang='lat' dir='ltr'>Medica</span> <span class='ocrx_word' id='word_1_261' title='bbox 1089 3732 1264 3826; x_wconf 85' lang='lat' dir='ltr'>inprimis</span> <span class='ocrx_word' id='word_1_262' title='bbox 1283 3753 1375 3810; x_wconf 90' lang='lat' dir='ltr'>trac·</span> 
     </span>
     <span class='ocr_line' id='line_1_34' title="bbox 158 3821 1374 3922; baseline 0.006 -23"><span class='ocrx_word' id='word_1_263' title='bbox 158 3843 232 3917; x_wconf 82' lang='lat' dir='ltr'>tata</span> <span class='ocrx_word' id='word_1_264' title='bbox 255 3821 326 3911; x_wconf 92' lang='lat' dir='ltr'>est,</span> <span class='ocrx_word' id='word_1_265' title='bbox 367 3843 404 3899; x_wconf 87' lang='lat' dir='ltr'>et</span> <span class='ocrx_word' id='word_1_266' title='bbox 435 3823 575 3922; x_wconf 86' lang='lat' dir='ltr'>quidem</span> <span class='ocrx_word' id='word_1_267' title='bbox 607 3821 645 3898; x_wconf 89' lang='lat' dir='ltr'>in</span> <span class='ocrx_word' id='word_1_268' title='bbox 677 3844 719 3897; x_wconf 86' lang='lat' dir='ltr'>ea</span> <span class='ocrx_word' id='word_1_269' title='bbox 745 3822 812 3898; x_wconf 89' lang='lat' dir='ltr'>sola</span> <span class='ocrx_word' id='word_1_270' title='bbox 837 3843 900 3916; x_wconf 87' lang='lat' dir='ltr'>per</span> <span class='ocrx_word' id='word_1_271' title='bbox 925 3822 1179 3906; x_wconf 88' lang='lat' dir='ltr'>Occidentem:</span> <span class='ocrx_word' id='word_1_272' title='bbox 1214 3830 1305 3905; x_wconf 92' lang='lat' dir='ltr'>unde</span> <span class='ocrx_word' id='word_1_273' title='bbox 1329 3831 1374 3906; x_wconf 90' lang='lat' dir='ltr'>li·</span> 
     </span>
     <span class='ocr_line' id='line_1_35' title="bbox 157 3917 1374 4018; baseline 0 -17"><span class='ocrx_word' id='word_1_274' title='bbox 157 3918 268 4001; x_wconf 87' lang='lat' dir='ltr'>bellus</span> <span class='ocrx_word' id='word_1_275' title='bbox 289 3919 351 3997; x_wconf 89' lang='lat' dir='ltr'>iste</span> <span class='ocrx_word' id='word_1_276' title='bbox 374 3921 534 4018; x_wconf 82' lang='lat' dir='ltr'>poeticus</span> <span class='ocrx_word' id='word_1_277' title='bbox 567 3921 638 3994; x_wconf 89' lang='lat' dir='ltr'>hoe</span> <span class='ocrx_word' id='word_1_278' title='bbox 671 3917 785 3994; x_wconf 89' lang='lat' dir='ltr'>seculo</span> <span class='ocrx_word' id='word_1_279' title='bbox 812 3917 940 4013; x_wconf 89' lang='lat' dir='ltr'>prodiit</span> <span class='ocrx_word' id='word_1_280' title='bbox 970 3918 1015 3995; x_wconf 91' lang='lat' dir='ltr'>de</span> <span class='ocrx_word' id='word_1_281' title='bbox 1045 3922 1259 4016; x_wconf 72' lang='lat' dir='ltr'>conservanda</span> <span class='ocrx_word' id='word_1_282' title='bbox 1280 3930 1374 4001; x_wconf 84' lang='lat' dir='ltr'>rale-</span> 
     </span>
     <span class='ocr_line' id='line_1_36' title="bbox 145 4012 1373 4118; baseline 0.002 -24"><span class='ocrx_word' id='word_1_283' title='bbox 145 4020 286 4115; x_wconf 72' lang='lat' dir='ltr'>¹tudine,</span> <span class='ocrx_word' id='word_1_284' title='bbox 319 4018 529 4118; x_wconf 79' lang='lat' dir='ltr'>ingratiam</span> <span class='ocrx_word' id='word_1_285' title='bbox 552 4014 728 4111; x_wconf 86' lang='lat' dir='ltr'>Roberti,</span> <span class='ocrx_word' id='word_1_286' title='bbox 762 4012 1049 4096; x_wconf 88' lang='lat' dir='ltr'>Noriuauiiorum</span> <span class='ocrx_word' id='word_1_287' title='bbox 1075 4021 1199 4100; x_wconf 77' lang='lat' dir='ltr'>Ducit.</span> <span class='ocrx_word' id='word_1_288' title='bbox 1247 4022 1373 4108; x_wconf 70' lang='lat' dir='ltr'>Postea</span> 
     </span>
    </p>
   </div>
   <div class='ocr_carea' id='block_1_3' title="bbox 1153 4141 1373 4220">
    <p class='ocr_par' dir='ltr' id='par_1_3' title="bbox 1153 4141 1373 4220">
     <span class='ocr_line' id='line_1_37' title="bbox 1153 4141 1373 4220; baseline -0.005 -23"><span class='ocrx_word' id='word_1_289' title='bbox 1153 4195 1158 4207; x_wconf 82' lang='grc'><strong><em>,</em></strong></span> <span class='ocrx_word' id='word_1_290' title='bbox 1279 4141 1373 4220; x_wconf 77' lang='lat' dir='ltr'>uero</span> 
     </span>
    </p>
   </div>
   <div class='ocr_carea' id='block_1_4' title="bbox 0 0 1520 4806">
    <p class='ocr_par' dir='ltr' id='par_1_4' title="bbox 0 0 1520 4806">
     <span class='ocr_line' id='line_1_38' title="bbox 0 0 1520 4806; baseline 0 0"><span class='ocrx_word' id='word_1_291' title='bbox 0 0 1520 4806; x_wconf 95' lang='lat' dir='ltr'> </span> 
     </span>
    </p>
   </div>
  </div>
 </body>
</html>
