3022 4806
130 652 205 754 32⁶
525 634 674 735 finiaris
689 632 826 737 'Ecclsfi
849 634 999 737 Cirill„

140 846 179 899 et
212 823 248 897 in
284 838 406 891 eorum
438 816 601 909 personas
633 814 749 906 varie,
784 836 824 891 et
844 815 1056 906 crudeliter,
1087 810 1140 888 est
1173 807 1349 888 naevium

141 924 277 993 Omnes
308 916 403 988 enim
428 916 556 1008 ubique
579 936 642 1008 per
665 916 861 1010 Europam,
894 913 955 987 ubi
988 933 1077 986 tunc
1106 912 1344 988 versabantur.

143 1019 235 1110 capti
268 1014 366 1097 sunt,
391 1029 447 1096 et,
481 1032 544 1105 per
575 1029 745 1081 tormenta
775 1030 931 1105 quoque,
964 1007 1173 1099 examinati,
1206 1019 1344 1105 quorum

144 1117 259 1210 plures
280 1107 356 1179 sunt
380 1105 525 1178 flammis
546 1105 687 1194 traditi,
719 1104 825 1200 aliqui
852 1126 953 1178 extra
977 1106 1124 1201 patriam
1150 1113 1342 1199 proscrspus

147 1208 205 1281 vel
244 1203 308 1274 alia
348 1201 487 1293 ingredi
520 1200 714 1287 coenobia,
752 1200 842 1274 teste
872 1202 1054 1273 Chronico
1095 1196 1361 1296 Hsrfsugienle..

146 1297 281 1391 integri
316 1315 429 1368 autem
463 1297 596 1389 septem
635 1295 717 1368 anni
748 1293 826 1367 sunt
862 1294 907 1368 iis
938 1296 1171 1391 exstirpandis
1203 1296 1338 1364 iusumu.

150 1402 352 1479 intereos,
385 1389 445 1487 qui
475 1389 569 1464 triste
594 1392 664 1463 hoc
687 1390 796 1464 fatum
815 1392 1012 1479 subierunt,
1048 1393 1125 1486 ipse
1146 1388 1199 1463 en
1223 1376 1338 1478 Magis·

144 1507 198 1565 ter
232 1487 380 1559 militum
405 1488 555 1582 Jacobus
587 1486 706 1575 Mola,
741 1510 820 1559 curn
845 1487 1034 1576 Guidorse,
1059 1483 1235 1581 nsngsstm
1256 1481 1336 1553 Nor·

148 1583 329 1659 manniae:
379 1603 500 1657 uorum
532 1582 694 1656 notabilis
716 1581 769 1655 est
799 1582 956 1657 historia.
1004 1585 1076 1680 Spe
1103 1582 1229 1654 veniae
1247 1567 1335 1648 deluli

145 1678 336 1761 eriminum
355 1606 526 1751 lederunt
547 1678 817 1766 confeffionem,
841 1678 896 1750 sed
914 1700 1039 1775 quam,
1064 1700 1146 1751 cum
1174 1678 1209 1749 se
1232 1690 1335 1770 perpe·
1376 1736 1380 1779 ἰ

148 1797 212 1849 tuo
244 1796 343 1847 muro
376 1772 445 1846 elle
467 1773 695 1846 includendos
720 1775 912 1864 viderent,
945 1773 1067 1848 animis
1091 1774 1251 1845 resumtis
1270 1786 1334 1841 cun
1377 1782 1379 1791 ·

148 1872 278 1946 stanter
310 1887 536 1955 revocarunt,
570 1890 644 1940 eam
678 1891 817 1963 quoque
848 1868 1016 1966 sacrilegii
1038 1890 1076 1943 et
1099 1865 1274 1965 inpietatis
1292 1880 1334 1933 at·
1377 1852 1379 1957 l

149 1968 326 2043 cusantes:
352 1985 458 2061 quare
485 1963 581 2035 lento
607 1961 682 2060 igni
708 1963 810 2053 tosti,
844 1983 882 2037 et
906 1963 1081 2038 combusti
1107 1966 1208 2053 sunt,
1232 1963 1337 2034 sumna

149 2083 374 2139 tamencum
400 2056 613 2149 constantia,
646 2057 733 2133 nihil
758 2060 869 2156 magis
889 2063 1118 2149 damnantes,
1144 2082 1247 2154 quam
1266 2048 1336 2152 qual

149 2158 335 2233 temeraria
360 2153 643 2230 suaconfeffione
661 2157 829 2229 Ordinem
856 2155 1080 2228 innocentem
1103 2154 1336 2253 adgravall'eut

149 2256 310 2328 Citarunt
336 2271 537 2348 praeterea,
571 2273 609 2323 ut
633 2250 721 2322 fama
752 2251 840 2338 fert,
875 2274 946 2323 nun
972 2253 1064 2323 enim
1090 2252 1137 2324 de
1164 2276 1215 2325 eo
1236 2243 1339 2345 aliquid

150 2352 241 2419 certi
272 2348 426 2432 constat,
464 2348 664 2438 Philippum
694 2365 731 2417 et
764 2349 981 2419 Clementem
1014 2349 1057 2420 ad
1092 2348 1246 2421 tribunal
1268 2344 1339 2429 Dei,

146 2443 245 2514 illum
281 2440 368 2511 intra
403 2460 549 2523 annum,
583 2441 676 2509 nnnc
708 2441 798 2512 intra
824 2444 1050 2538 quadraginta
1071 2442 1163 2516 dies.
1215 2440 1339 2544 Quuds

148 2535 318 2632 quicquid
345 2534 405 2614 stt,
431 2533 501 2602 duo
524 2531 573 2603 illi
598 2557 642 2603 eo
669 2532 745 2607 fere
772 2557 930 2632 tempore
955 2537 1123 2610 exstineti
1150 2543 1241 2612 sunt.

200 2629 232 2727 ᾗ.
257 2627 495 2700 cccxxxii.
522 2627 708 2721 Singularis
733 2652 769 2704 et
792 2633 979 2726 stupendus
1002 2658 1082 2706 cum
1109 2635 1169 2707 hic
1187 2635 1228 2708 stt
1245 2631 1339 2718 caius,

152 2724 288 2807 diversa
311 2724 494 2795 huminum
520 2724 564 2794 de
587 2725 661 2817 ejus
681 2726 832 2819 justitia,
860 2732 1017 2824 verisque
1036 2730 1245 2818 rationibus,
1269 2749 1340 2825 quae

150 2822 353 2917 Philippum
387 2837 421 2889 et
445 2822 664 2893 Clementem
691 2824 936 2912 concitarunt,
982 2825 1005 2897 li
1040 2827 1199 2901 rationes
1227 2829 1337 2897 danue-

149 2923 224 2993 sint
256 2915 435 3012 politicas,
461 2914 560 2989 suille
589 2919 740 3010 judicia,
766 2920 891 2990 mirum
925 2919 1076 2994 nonest.
1132 2921 1216 2995 Nee
1238 2937 1337 2992 recen·

154 3019 262 3088 tiores
289 3029 440 3095 tantum,
468 3013 523 3082 sed
549 3033 585 3083 et
603 3014 833 3108 antiquiores,
859 3034 894 3085 et
917 3015 990 3109 ejus
1009 3016 1083 3087 fere
1110 3021 1277 3115 temporis
1296 3012 1338 3086 ri·

151 3104 434 3212 1i‚lranc·circa
460 3129 532 3178 rem
559 3107 715 3195 fuerunt,
743 3109 904 3203 suntque,
930 3111 1040 3184 divisi.
1073 3113 1174 3187 luter
1191 3117 1272 3202 hos,
1292 3103 1335 3206 qul

152 3203 377 3294 Templarsos
408 3223 479 3273 non
512 3201 611 3275 fuille
653 3204 777 3297 injuste
810 3209 987 3278 damnatos
1019 3207 1335 3298 contendamus

153 3317 235 3375 runt
246 3299 423 3371 Henricus
438 3300 539 3368 Stero
555 3298 590 3371 in
607 3299 818 3386 Annalibus,
836 3303 1069 3375 continuator
1085 3305 1244 3401 Nangii,
1269 3295 1334 3375 Gai·

154 3401 203 3470 do
235 3393 271 3465 in
304 3395 470 3464 chronico
505 3394 743 3467 Romanorum
776 3397 1003 3479 Pontificum,
1029 3401 1234 3475 Albertinus
1259 3390 1331 3471 Mul·

150 3497 261 3575 satus,
303 3490 435 3560 'sumas
467 3488 701 3584 Walsrngham
741 3492 776 3565 in
819 3493 959 3567 historia
999 3496 1167 3590 Angliae,
1217 3493 1332 3570 Flavius

150 3588 323 3670 Blondus,
349 3584 407 3677 qui
433 3602 591 3678 tempore
618 3587 668 3657 Pii
696 3589 741 3659 11.
768 3590 875 3675 vixit,
904 3592 1166 3683 Vollateranus,
1194 3606 1330 3688 tempure

152 3681 237 3869 {nni
275 3678 342 3762 ll.,
375 3679 535 3751 Albertus
567 3681 768 3768 Krantzius,
794 3685 872 3756 alii:
906 3707 949 3757 ex
982 3690 1237 3764 recentioribus
1266 3699 1330 3759 vero

184 3793 344 3855 uteanus,
377 3769 475 3862 supra
509 3774 655 3862 citatus,
689 3777 824 3849 Natalis
846 3781 1042 3855 Alexander
1065 3782 1195 3860 dillert.
1220 3787 1281 3873 X.,
1298 3791 1331 3851 ne

150 3875 233 3948 alios
266 3888 475 3974 memorem,
510 3870 566 3974 qui
592 3873 722 3945 causans
748 3873 856 3966 Regis
885 3898 924 3950 et
956 3879 1066 3973 Papae
1104 3881 1240 3954 strenue
1268 3893 1331 3950 ee·

151 3986 246 4064 punt.
288 3961 369 4141 Qu
395 3982 500 4035 etnam
525 3964 666 4038 melinae
691 3970 851 4043 Mariana
884 3972 920 4044 in
938 3971 1012 4046 hist.
1032 3973 1235 4072 Hispaniae.
1267 3898 1332 4047 ples

298 4083 317 4136 a

150 4084 269 4155 ‘dmin

148 4240 160 4263 Q
175 4252 179 4258 .

373 4059 478 4139 altera
508 4059 693 4139 defuerunt
715 4062 843 4167 parte,'
860 4072 919 4166 qui
943 4070 1087 4151 crimina
1104 4072 1251 4243 -inpaeesa
1269 4066 1339 4220 cer·t

811 4212 820 4225 ·
1233 4174 1323 4241 uerus
