2976 4830
596 477 705 549 Serus.
734 476 820 548 llll.
1263 510 1306 582 23

85 643 116 716 S.
139 647 306 727 Bernardi
327 649 485 748 adpellati
517 656 606 734 sunt.
658 653 737 729 Paci
773 652 867 727 inter
901 653 1117 751 Rogerium,
1159 656 1303 735 Siciliae

84 739 237 838 Regem,
279 767 318 823 et
344 751 612 842 Innocentium,
657 753 864 847 sequebatur
888 752 982 824 enim
1007 752 1088 825 Rex
1114 774 1231 850 partes
1252 758 1303 832 A·

84 843 232 934 nacseti,
265 844 469 922 sanciendae
492 848 654 923 incubuit
684 871 714 921 a.
744 867 870 943 1137.,
911 846 970 921 sed
1003 848 1106 921 irrito
1137 850 1301 929 successu.

83 930 222 1040 Deinde
248 942 377 1018 bellurn
402 948 444 1020 ab
474 970 506 1022 a.
535 967 639 1034 1¹40·
670 943 771 1041 gessit
800 941 1006 1018 continuum
1038 966 1118 1018 cum
1151 946 1302 1022 haereti·

82 1047 150 1121 crs,
184 1037 244 1110 vel
268 1037 438 1116 haerefior
455 1039 640 1136 suspelbis,
672 1059 711 1113 ut
736 1039 893 1115 Arnaldo
915 1037 1103 1131 Brixiensr,
1138 1042 1303 1119 Gilberto

83 1126 292 1224 Porretano,
310 1134 528 1225 Abaelardo‚
542 1150 584 1209 'et
600 1136 708 1209 Petro
725 1131 864 1209 Brusio:
889 1134 1021 1233 dequo
1036 1137 1169 1233 postea.
1218 1138 1301 1215 Fuit

82 1243 217 1319 quoque
241 1252 356 1305 novae
379 1231 616 1329 expeditionis
640 1231 904 1322 cruciatorum,
947 1252 987 1307 ut
1013 1231 1133 1329 postea
1157 1234 1297 1311 videbi·

84 1342 186 1413 mus,
225 1327 433 1422 praecipuus
462 1349 573 1403 autor.
639 1328 802 1422 Denique
830 1328 1046 1403 contradixit
1079 1332 1301 1408 inmaculatos

82 1425 275 1512 tonccptiorrr'
303 1424 441 1497 Mariae
464 1423 650 1522 Virginis,
679 1422 767 1496 teste
792 1424 962 1497 Sermone
989 1426 1063 1519 ejus
1092 1428 1140 1500 11.
1162 1427 1200 1500 in
1224 1429 1299 1501 Ad·

83 1512 312 1607 sumtionem,
337 1538 377 1592 et
400 1516 500 1617 epist.
530 1540 610 1614 174.
633 1518 677 1593 ad
702 1521 901 1594 Canonicos
927 1520 1201 1617 Lugdunenses,
1236 1525 1296 1601 ubi

82 1608 150 1682 sese
176 1634 318 1709 quoque
340 1613 432 1690 sesto
454 1615 681 1690 inmaculatae
703 1614 954 1712 conceptionis
977 1616 1014 1690 in
1030 1616 1184 1691 Ecclesia
1203 1620 1298 1717 Lug·

82 1703 226 1781 dunenfi
244 1733 273 1784 a.
293 1718 399 1803 1136.
418 1709 577 1786 instituto
594 1709 777 1807 opposuit,
803 1729 966 1808 tanquam
982 1709 1155 1802 novitati,
1174 1715 1297 1789 incorr·

82 1801 169 1876 sulto
184 1805 298 1902 Papa,
322 1803 484 1881 invediae
501 1806 538 1881 in
556 1805 754 1881 Eccrefiam.
806 1806 970 1881 Ceterum
987 1805 1057 1880 hoc
1072 1806 1198 1882 festum
1228 1810 1298 1886 eti·

82 1900 392 2070 slllsltll
414 1901 800 2073 lihiril'll‘lslll
824 1900 1296 2096 illiniplrslllrilstll‘

83 2091 144 2168 lll.
179 2094 216 2167 in
254 2093 337 2183 sin,
371 2093 431 2168 ubi
462 2091 587 2168 sestum
613 2096 648 2166 S.
675 2091 883 2178 Trinitatis,
913 2111 951 2165 et
984 2059 1297 2191 transfigurationis

85 2188 233 2280 Christi,
264 2189 374 2262 etiam
406 2191 581 2287 inprobat.
630 2188 734 2289 Quod
758 2187 853 2262 idem
878 2185 966 2260 fecit
984 2189 1106 2262 Petrus
1133 2192 1296 2268 Cellensir

83 2282 195 2365 ivl.
220 2284 323 2383 epist.
347 2290 427 2379 agl,
453 2284 534 2360 satia
558 2285 740 2381 elegante,
765 2301 803 2358 et
827 2304 892 2378 pro
915 2305 1014 2357 more
1038 2287 1208 2379 temporis
1224 2288 1296 2362 elo·

81 2405 230 2484 quente,
253 2384 312 2481 qui
327 2382 431 2455 etiam
448 2379 554 2462 ibid,
577 2400 615 2454 et
630 2381 689 2457 lib.
716 2382 746 2454 Ι.
769 2377 872 2476 epist.
901 2403 983 2470 10.,
1008 2378 1183 2476 disputat,
1212 2385 1293 2457 Ma·

82 2485 185 2572 riam,
211 2480 294 2554 licet
322 2501 393 2553 non
416 2496 627 2572 conceptam
661 2473 734 2551 sine
765 2495 934 2572 peccato,
967 2494 1082 2550 natam
1112 2477 1214 2552 fuisse
1249 2486 1293 2556 ab

82 2600 120 2651 eo
143 2577 314 2667 liberam,
347 2593 580 2670 etnunquam
607 2569 811 2647 consenslffe
844 2569 982 2646 libidini
1014 2573 1165 2661 carnali,
1207 2575 1294 2651 licet

80 2697 99 2749 a
119 2676 322 2750 tentatione
343 2692 416 2745 nou
439 2669 603 2757 liberam,
629 2668 726 2743 secus
748 2690 790 2742 ac
813 2667 1005 2755 Nicolaus,
1033 2670 1069 2740 S.
1097 2671 1222 2744 Albani
1250 2670 1289 2746 in

81 2772 209 2885 Anglia
232 2767 443 2855 monachus,
473 2763 661 2855 statuebat,
696 2767 756 2860 qui
789 2763 886 2836 omni
916 2763 1109 2835 tentatione
1134 2787 1210 2837 earn
1241 2768 1292 2840 su-

124 2890 259 2943 rrorem
291 2861 394 2937 fuisse
424 2861 628 2951 contendit,
670 2861 767 2953 cujus
804 2856 944 2953 epistola
982 2858 1065 2932 ibid.
1106 2859 1294 2955 reperitur,

102 2968 137 3039 b.
162 2964 227 3039 IX.
252 2985 309 3057 ep.
335 2981 370 3051 9.
421 2959 517 3030 Inter
535 2955 735 3053 peculiares
768 2952 926 3028 Bernardi
959 2956 1143 3047 opiniones
1175 2958 1292 3034 locum

80 3078 197 3151 tenet,
222 3058 348 3136 animas
366 3052 537 3151 justorum
562 3050 603 3124 ad
627 3055 762 3149 plenam
789 3052 859 3123 Dei
882 3046 1051 3122 visionem
1075 3072 1143 3122 non
1167 3053 1292 3128 admit·
1414 3097 1416 3101 ν

82 3161 217 3236 tiante
244 3149 563 3240 resurretionem,
607 3149 728 3245 easque
765 3148 801 3221 in
843 3145 930 3217 atrio
971 3145 1039 3219 esse
1077 3144 1138 3241 sub
1172 3150 1291 3248 altari,

80 3254 233 3332 nondum
255 3253 293 3327 in
318 3247 423 3322 domo
438 3248 526 3338 Dei,
552 3245 675 3320 videre
700 3261 833 3315 rantum
861 3241 1110 3315 humanitatem
1143 3243 1290 3340 Christi,

33 3343 36 3346 ⁷
81 3351 234 3428 nondum
265 3343 510 3427 Divinitatem.
562 3341 648 3418 Vid.
683 3341 863 3412 Sermones
898 3359 930 3423 n,
958 3361 991 3431 3,
1015 3361 1049 3427 4.
1081 3343 1117 3411 de
1145 3345 1291 3420 omnibus

72 3449 210 3549 fandis.
242 3445 348 3522 Diem
373 3461 460 3514 vero
481 3437 574 3513 obiit
598 3436 793 3532 supremum
820 3461 848 3507 a.
879 3454 984 3528 1153.
1009 3454 1048 3506 et
1070 3436 1114 3508 ab
1139 3437 1291 3514 Alexan-

79 3549 141 3624 dro
167 3544 236 3617 ΙΙΙ.
261 3538 486 3616 canonizatus
516 3535 566 3607 est
589 3558 620 3608 a.
649 3555 753 3625 1174.
800 3530 923 3606 Vitam
955 3529 1030 3624 ejas
1060 3533 1174 3625 plures
1207 3558 1291 3610 con·

77 3641 307 3737 scripserunt,
350 3629 602 3708 aMabillonio
627 3627 731 3718 editi,
771 3629 810 3702 in
847 3624 1013 3721 praeclara
1047 3649 1191 3718 operum
1217 3634 1293 3725 ejus

76 3737 288 3817 editiones
315 3729 385 3807 vol.
410 3728 446 3802 in
469 3728 550 3817 sol,
616 3747 678 3799 uae
716 3724 868 3823 repetita
898 3718 949 3794 est
980 3745 1000 3795 a
1033 3721 1292 3803 Veronensibus

121 3835 216 3923 vol,
257 3827 400 3916 additis,
443 3846 529 3920 qnae
606 3841 724 3898 artene
754 3821 1002 3916 publicaverat.
1053 3817 1221 3893 Constant
1246 3846 1291 3898 ex

76 3860 264 4034 {pubolim
305 3920 537 4013 sermonibus,
575 3917 716 4015 aliisque
748 3914 951 3994 trailatibus
981 3912 1231 3990 doblrinalibus-
1253 3936 1290 3991 et

669 4016 698 4090 C
721 4035 746 4104 4
1153 4013 1291 4089 morali.
