2976 4830
168 588 241 674 nn
554 551 995 672 rinonincknfi'crnn.

142 744 477 837 ‚instruxit'conna
502 752 657 838 Tricas,
683 753 725 825 ad
750 753 874 828 CPoiin
895 753 1083 843 tuendam,-
1110 750 1168 825 sed
1184 775 1280 850 quae
1300 776 1377 841 uon.

171 856 234 928 nrii
271 851 348 947 post
383 854 500 923 urbem
535 872 554 920 a
585 847 797 921 Monamete
820 870 1078 946 expugnatam,
1112 850 1274 947 adpulit,
1297 850 1377 925 uun

164 952 371 1042 nrnreepn
400 946 450 1017 eri
482 966 512 1018 a.
540 944 872 1043 1453,.=Defuneius
896 946 947 1018 est
968 969 999 1019 a.
1023 967 1153 1036 1455„
1176 970 1219 1019 et
1240 951 1375 1022 ceiebrr·

163 1066 245 1120 rur·
263 1062 420 1138 tanquam
448 1041 679 1113 litteratorum
702 1054 838 1127 amator
857 1062 893 1115 et
917 1062 1102 1133 promotor
1126 1038 1299 1118 liberalis:
1327 1042 1373 1119 sei

168 1139 268 1215 viciis
300 1147 372 1211 ndu
395 1138 528 1221 caruit,
546 1132 653 1208 ‚incer
674 1156 763 1232 quae
784 1137 961 1212 ebrietatis
984 1140 1072 1213 iliud
1098 1135 1164 1232 ipii
1187 1137 1264 1214 fuit
1288 1141 1373 1216 faui·

170 1238 273 1321 liare,
299 1233 483 1305 secundum
512 1232 787 1306 Volaterranum.

220 1326 564 1427 §CCCCXXXIK
606 1325 782 1401 Suffenus
822 1327 860 1402 in
891 1328 966 1423 ejus
993 1328 1110 1401 locum
1138 1325 1194 1403 est
1227 1329 1372 1407 Aifnssur

170 1425 316 1520 Bonna,
351 1424 551 1517 Hispanus,
588 1421 854 1519 septuagenario
887 1425 1019 1520 major,
1053 1426 1114 1497 sub
1147 1434 1295 1501 nomine
1317 1432 1370 1503 Cr·

166 1528 248 1594 iixrr
283 1518 368 1605 111..
402 1541 474 1614 quo
503 1518 577 1613 jam
611 1519 688 1591 usus
717 1515 787 1607 est,
817 1542 898 1592 curn
923 1521 996 1592 sese
1023 1519 1066 1591 sd
1093 1521 1228 1596 benun
1252 1522 1366 1599 sacrm

173 1634 264 1687 voto
280 1611 532 1711 obstringeren
557 1612 677 1703 nnus,
694 1630 733 1686 nt
749 1613 879 1702 ferrus,
905 1612 1152 1709 praedisuone
1168 1618 1313 1715 Papsnu
1327 1618 1367 1697 sui

169 1709 420 1801 evincentio
452 1708 615 1781 Ferrario
644 1710 790 1804 prorata.
838 1710 921 1782 Fuit
950 1729 1068 1784 autern
1096 1716 1288 1811 praecipua
1308 1718 1368 1812 ejus

165 1826 270 1895 sura,
303 1804 487 1898 Principes
517 1805 678 1897 uurnpae
713 1805 756 1879 ad
781 1806 906 1880 bellum
931 1805 1065 1882 sacrum
1087 1826 1222 1884 contra
1248 1810 1368 1885 Turris

168 1906 347 1991 excitare,
375 1896 512 1972 claffem
544 1918 664 1972 contra
690 1919 750 1972 eos
776 1901 996 1990 construere,
1028 1900 1086 1973 sed
1113 1921 1152 1972 et
1177 1926 1228 1976 eo
1252 1904 1365 2003 scopo,

169 2000 231 2072 vel
252 2013 457 2092 praetextu,
482 1991 665 2090 pecuniam
679 1996 880 2089 corradere,
905 1996 1051 2071 decimis
1067 2013 1148 2067 toto
1164 2000 1254 2072 orbe
1269 2002 1365 2077 Cirris·

167 2094 270 2168 tiano
299 2090 439 2166 enanis
493 2090 638 2193 Quibus,
655 2090 690 2162 se
720 2092 854 2186 objecit
884 2090 1078 2165 Pansrensrr
1102 2091 1315 2187 Academia,
1332 2116 1362 2171 ct

165 2188 375 2286 provinciae
405 2183 703 2282 Rorhomagcnsrs
735 2192 863 2276 clerus,
898 2187 980 2260 iicet
1009 2186 1091 2259 Rex
1118 2208 1201 2259 cum
1232 2189 1364 2267 Ecciefia

167 2284 343 2358 Gallicana
375 2282 604 2356 consensisset.
657 2279 742 2355 Vid.
774 2285 923 2357 litterae·
940 2281 1068 2355 Calixti
1106 2281 1147 2354 in
1180 2286 1362 2386 Spicnegis

167 2381 403 2453 Dacheriano.
453 2374 721 2469 Expostularunt
744 2400 882 2475 quoque
908 2400 989 2453 cum
1018 2400 1063 2449 eo
1091 2374 1263 2454 Germani
1278 2386 1362 2479 iuper

163 2472 388 2570 pecuniarum
406 2472 624 2560 extorsione,
650 2490 686 2545 et
702 2474 1002 2548 Concordatorum
1021 2471 1229 2549 violatione.
1278 2480 1358 2573 Qun

165 2567 425 2642 criminationes
458 2566 532 2662 ipse
563 2569 696 2641 diluere
727 2591 872 2643 conatus
894 2568 1002 2642 estin
1030 2568 1158 2642 litteris
1181 2574 1225 2644 ad
1244 2572 1357 2644 Frene-

162 2686 315 2834 inin
328 2663 853 2859 enirnffissnnns
869 2665 1094 2869 igniis?
1121 2665 1359 2858 insin

162 2881 228 2952 pus
251 2855 496 2942 florentinus,
522 2854 684 2949 elegante
706 2874 821 2928 coram
845 2853 922 2951 ipso
939 2855 1058 2928 habita
1074 2855 1258 2938 oratioue.
1285 2884 1362 2957 quae

166 2951 343 3041 Chrnnico
367 2951 440 3044 ejus
463 2947 594 3028 inserta
614 2948 694 3026 est...
727 2951 863 3026 Indixit
888 2973 1045 3047 quoque,
1069 2973 1152 3023 eum
1179 2951 1220 3027 in
1244 2954 1362 3048 finem,

160 3056 303 3142 preces,
345 3047 387 3116 ad
422 3045 555 3141 signum
588 3064 775 3140 campanae
807 3045 1037 3121 meridianum
1068 3069 1088 3118 a
1122 3050 1261 3143 populo
1293 3050 1360 3127 iuu-

161 3140 309 3215 dendas:
333 3158 421 3236 quae
444 3142 487 3213 ab
511 3161 556 3213 eo
581 3160 740 3307 remgore
774 3141 810 3215 in
847 3141 906 3217 usu
932 3141 999 3215 effe
1030 3162 1239 3235 coeperunt.
1292 3147 1363 3248 Qun

16 3261 17 3264 ’
160 3235 234 3311 iso
267 3250 429 3330 tempore
467 3235 614 3310 celebris
643 3237 700 3308 iia
732 3236 882 3312 ricioria
907 3236 950 3310 de
976 3235 1105 3310 Tuscis
1126 3241 1171 3312 ad
1196 3240 1295 3317 seno

74 3419 77 3424 ¹
184 3354 262 3419 um,
295 3331 364 3426 o'pe
389 3331 616 3419 Hunniadae3
648 3331 897 3429 Hungarorurn
922 3332 1031 3428 regis,
1057 3350 1095 3404 et
1116 3336 1284 3412 celebrati
1321 3337 1360 3417 ni

160 3423 312 3516 Heron,
336 3425 388 3502 est
412 3426 600 3522 reportata.
639 3427 696 3500 Ob
714 3450 817 3522 quam
838 3428 1018 3504 victoriam
1035 3449 1108 3500 non
1126 3427 1283 3508 instituit
1296 3438 1361 3535 qui·

158 3522 258 3609 dem,
290 3520 348 3597 sed
381 3519 589 3613 renovavit,
618 3536 655 3594 et
678 3523 850 3599 celebrius
875 3523 981 3616 iecit,
1012 3521 1203 3620 propoiitis
1227 3552 1361 3631 quoqne

157 3618 405 3714 indulgentiis,
431 3615 555 3692 festum
586 3616 889 3715 rrsnffigurarionis
916 3622 1046 3712 eninr.
1086 3616 1210 3695 Exstat
1245 3626 1292 3698 de
1321 3649 1361 3703 eo

157 3713 325 3809 diploma,
358 3733 387 3784 a.
416 3734 521 3807 1457.
547 3712 686 3806 datum,
717 3717 808 3811 apud
833 3716 1062 3811 Raynaldum.
1114 3714 1237 3792 Autor
1260 3722 1359 3798 etiam

155 3809 335 3900 Henrico,
369 3803 536 3881 Casteilae
565 3807 682 3906 Regi,
714 3810 800 3903 fuit,
842 3833 882 3886 ut
916 3812 1039 3887 beilum
1070 3832 1214 3907 gereret
1247 3838 1363 3901 contra

14 3899 19 3909 ’
154 3906 301 4005 Mauros
324 3904 571 3995 annaneane,
596 3904 809 4000 ampiissimis
831 3908 1003 4004 prorniffis
1018 3908 1273 4006 indulgentiis,
1298 3915 1359 3990 mi·

151 4001 268 4109 itibus
297 4023 370 4085 non
392 4016 550 4099 tantum,
574 3997 634 4081 sed
659 4019 696 4083 et
718 4002 953 4105 adjutoribus,
977 4003 1037 4105 qui
1061 4008 1254 4184 pecunia?
1278 4031 1358 4086 con·

155 4122 171 4153 ἐ
192 4114 201 4133 ·’
282 4128 319 4151 '³
1130 4122 1135 4130 '
1233 4124 1357 4184 errem·
