3022 4806
542 674 546 680 .
647 601 756 689 Serui.
783 603 872 682 XII.
1290 608 1367 709 ‘13'9

174 770 220 869 t'rst
235 804 302 856 earn
323 777 570 879 restaurarunt:
601 799 711 860 tamen
735 787 867 876 dieunt,
905 787 988 883 quod
1000 784 1130 887 seraper
1143 783 1287 878 fuerunt
1301 790 1368 862 ali·

139 881 223 967 «qui,
243 885 294 974 qui
317 880 427 954 Deum
453 887 631 972 timebant,
661 905 695 955 et
711 879 951 978 salvabantur,
987 909 1020 960 a.
1042 887 1130 984 quia
1157 881 1209 958 est
1229 908 1366 979 genera·

165 973 229 1066 lin,
256 1000 329 1051 imo
353 977 476 1052 nullan
491 979 572 1074 fere
599 976 660 1074 effe
685 993 827 1069 terrain,
852 980 988 1076 inquit,
1021 988 1056 1057 in
1080 1006 1143 1077 que
1168 981 1252 1055 laec
1273 986 1368 1076 seila

158 1088 211 1144 orn
224 1069 291 1164 fit,
333 1093 367 1169 3.
394 1074 471 1168 quia
494 1097 616 1172 putam
641 1076 749 1150 habet
779 1073 885 1148 fidem
913 1079 952 1149 in
976 1080 1116 1170 Deum,
1159 1095 1197 1150 et
1222 1075 1367 1172 symboli

152 1169 324 1259 articulos,
365 1189 593 1269 magnamque
618 1169 763 1268 pietatis
792 1170 956 1267 speciem.
1005 1175 1109 1275 Quod
1132 1168 1366 1247 testimonium

131 1268 191 1338 ,ab
213 1287 333 1343 eorum
357 1266 574 1358 adversario,
619 1289 686 1341 nec
710 1268 753 1340 ab
776 1267 848 1340 hoc
880 1287 1041 1364 tempore
1074 1271 1177 1366 longe
1202 1287 1364 1360 remoto,

142 1361 232 1434 vixit
256 1361 354 1434 enim
379 1366 495 1437 medio
520 1366 587 1438 sec.
613 1363 734 1454 Xlll.‚
769 1362 989 1458 profetiam,
1018 1366 1114 1440 omni
1136 1361 1362 1441 animadvers

134 1455 236 1532 iione
253 1457 422 1553 dignum,
446 1481 483 1532 et
499 1457 640 1532 veritati
657 1456 948 1552 consentaneum,
965 1459 1017 1536 est
1035 1462 1241 1536 habendum.
1291 1459 1364 1534 Ob·

136 1554 304 1650 jecerunt
331 1554 471 1650 quidem
496 1557 662 1628 nonnulli
696 1553 960 1631 Pontificiorum
995 1556 1076 1652 ipsa
1109 1580 1214 1654 vagas
1244 1555 1363 1631 libidi-

144 1667 225 1737 nes,
249 1649 383 1744 aliaque
406 1649 568 1739 crimina,
595 1652 651 1725 sed
678 1673 724 1724 ex
749 1671 833 1747 pura
856 1671 944 1745 puta
965 1654 1155 1744 calumnia,
1187 1673 1254 1748 pto
1279 1653 1363 1727 soli·

141 1760 184 1819 to
204 1767 328 1819 eorum
352 1768 470 1835 more,
497 1771 568 1842 quo
594 1746 656 1835 iis,
680 1747 737 1841 qui
761 1771 780 1819 a
804 1748 1052 1823 communione
1078 1751 1133 1823 sua
1155 1746 1358 1840 discedunt,

139 1839 342 1929 libidinem,
370 1860 531 1938 tanquam
551 1842 773 1937 separationis
789 1844 943 1934 causam,
962 1844 1174 1941 inpingunt,
1191 1864 1243 1916 xeo
1258 1844 1361 1938 inep-

138 1939 222 2028 tius,
257 1936 376 2031 quod,
419 1940 516 2010 omni
549 1938 701 2011 libidinis
732 1939 870 2012 licentia
888 1940 941 2011 in
974 1941 1141 2014 societate
1172 1938 1360 2014 Pontificia

143 2035 350 2122 obtinente,
393 2035 483 2106 nulla
519 2031 561 2105 lit
579 2054 778 2128 propterea
806 2032 955 2107 abeundi
988 2035 1095 2108 causa.
1155 2034 1258 2108 Nihil
1294 2036 1361 2109 tale

147 2132 190 2203 de
210 2125 456 2204 Waldensrbue
482 2128 589 2200 habet
615 2128 799 2224 Inquisitio
818 2129 1007 2216 Tolosana,
1036 2130 1125 2202 nihil
1152 2127 1357 2220 Reinerius,

150 2226 244 2322 quin,
270 2244 309 2296 ut
332 2224 440 2296 modo
462 2224 638 2312 uidimus,
663 2222 889 2296 contrarium.
940 2224 1151 2319 Anonymue
1175 2223 1209 2296 in
1234 2228 1358 2298 troila·

152 2335 185 2393 ta
206 2324 244 2394 de
262 2317 387 2407 ltaerefi
409 2320 593 2416 Pareperum
619 2323 656 2392 de
679 2319 856 2414 Lugduni,
890 2320 924 2388 in
949 2319 1098 2416 thesauro
1123 2342 1200 2393 nono
1225 2319 1357 2394 Marti·

153 2417 216 2492 neti
239 2438 327 2490 tom.
348 2417 397 2489 V.
421 2416 549 2488 diserte
574 2415 682 2503 dicit,
705 2415 934 2509 euadentem,
960 2432 996 2486 nt
1011 2417 1149 2506 dieitur,
1177 2412 1357 2498 osculentur
1486 2437 1488 2441 ·

152 2518 242 2608 aliqui
265 2527 356 2585 eatur
381 2527 413 2583 et
440 2534 560 2598 tanus,
597 2527 629 2583 et
653 2513 782 2583 rideant
805 2510 1004 2598 Diabolum,
1038 2512 1095 2584 rel·
1117 2508 1284 2608 exstinctis
1307 2516 1358 2586 lu·

153 2615 248 2685 ternis
272 2611 403 2703 pariter.
413 2605 644 2700 fornicentur,
669 2628 728 2679 non
748 2621 826 2698 putu
848 2609 920 2701 ejus
944 2604 1003 2701 effe
1017 2606 1149 2699 stilae,
1186 2611 1260 2700 qnia
1292 2609 1355 2682 Ca·

152 2706 228 2778 narr
252 2707 307 2778 lroe
332 2706 483 2778 dicuntur
498 2701 640 2792 faeere,
665 2725 722 2775 nec
739 2701 849 2794 aliqua
874 2724 978 2774 eotnrn
1002 2707 1163 2776 ueraciter
1184 2704 1353 2794 intellexi,

150 2805 255 2897 quibu
274 2801 375 2897 fidem
398 2798 591 2872 adhiberem.
627 2796 848 2870 Ve'rillinrum
872 2819 1011 2892 quoque
1039 2796 1114 2891 ejus
1137 2795 1208 2869 effe
1232 2799 1278 2870 de
1292 2822 1353 2873 an·

150 2898 328 2995 tiquitate,
353 2912 391 2967 et
406 2893 715 2985 multiplicatione,
743 2890 1145 2980 eorum-testimonium,
1170 2889 1355 2986 adparebit

150 3005 189 3068 ‘et
210 3014 310 3068 ortus
340 3008 379 3062 et
407 2988 606 3086 progrellus
635 3010 759 3062 eorum
789 2983 951 3078 historia,
982 3008 1090 3084 quarn
1126 2987 1263 3061 tradere
1293 2990 1354 3065 td·

184 3089 293 3163 edior.
1009 3125 1012 3131 .
1068 3121 1072 3126 ·

148 3109 220 3284 gr}
246 3183 359 3261 CXX.
385 3183 442 3255 De
465 3183 663 3276 antiquitate
686 3175 817 3268 seclae,
852 3176 938 3252 licet
960 3172 1059 3250 unius
1082 3173 1239 3253 Reinetii
1263 3177 1356 3273 suffi-

147 3303 235 3357 ceret
262 3276 521 3363 testimonium,
548 3275 613 3349 alia
635 3297 772 3372 quoque
798 3271 965 3363 testantur
986 3292 1221 3349 monumenta.
1271 3276 1354 3350 Uti·

147 3401 210 3477 que
241 3398 325 3450 ante
353 3373 504 3448 Valdum
532 3370 631 3445 fuiffe
673 3370 775 3465 hujus
794 3368 920 3444 'sellae
942 3366 1132 3465 homines,
1164 3370 1359 3466 liquet-ex·

147 3475 285 3572 antiquo
301 3467 450 3544 trailatu
466 3468 510 3540 de
528 3463 725 3558 Antichristo
749 3488 779 3537 a.
811 3486 941 3554 1120„
965 3481 1088 3539 contra
1117 3463 1359 3559 Pontificius,'

150 3570 271 3666 aJolr.
297 3566 441 3641 Petrina
464 3563 502 3636 in
534 3558 877 3635 hill.-Waldensrum
906 3558 965 3633 vul
1012 3577 1185 3649 tornea
1205 3578 1279 3636 non
1303 3585 1351 3640 ex

150 3663 290 3757 epistola
313 3658 504 3755 Praepositi
530 3654 705 3752 cujusdam
725 3653 915 3728 Stenelden
938 3678 956 3729 a
980 3655 1233 3748 -'Bernardunr-‚
1261 3676 1353 3734 ante

149 3760 247 3837 Valdi
276 3775 431 3830 mortem
461 3753 607 3849 scripta,
638 3752 736 3848 eujus
760 3750 1063 3846 fragmentum-ex
1088 3751 1268 3829 Driedone
1290 3776 1353 3828 ex·

150 3856 239 3931 hibet
262 3842 450 3942 Ufferiue,
467 3853 550 3937 ubi,
574 3849 667 3921 inter
690 3846 785 3936 alia,·
800 3844 969 3938 traditur,
1000 3848 1186 3922 nonnullos
1211 3848 1350 3923 illorum
1412 3918 1415 3925 .

154 3951 347 4037 huminum,
380 3945 604 4022 inmoderato
631 3942 710 4016 zela
732 3942 855 4039 populi
888 3942 959 4017 elle
989 3960 1125 4038 ruptos,
1158 3960 1195 4016 et
1226 3945 1358 4041 iulg·-

159 4060 231 4123 utut
253 4041 454 4145 eonJeetoe,
487 4038 613 4136 eoique
638 4052 851 4207 turnusentuat
877 4038 1063 4137 ignia-non
1085 4036 1194 4119 sulum
1207 4039 1258 4144 -in
1292 4054 1365 4145 pest

251 4182 260 4195 -
772 4155 793 4208 a
880 4156 907 4209 η
1213 4147 1362 4232 trenna,

1149 4222 1483 4524 -e
