3022 4806
533 680 541 695 .
644 609 754 721 detti.
780 542 870 694 ΧΗ.Δ
1316 642 1365 716 59

141 791 230 867 tibur
259 789 500 880 inmitterent,
530 789 637 867 leuda
660 790 796 887 inperii
827 791 1033 887 redderent,
1073 810 1140 869 nec
1163 791 1348 888 civitates,

142 889 315 979 Ducatur,
333 886 551 978 Comitatus,
572 905 750 977 monetat,
768 887 971 986 vectigalia,
990 909 1143 965 mercata
1159 909 1229 967 etc.
1247 896 1347 967 inva-

139 984 270 1061 derent.
320 983 409 1060 Vid.
432 982 553 1057 Petrus
572 983 750 1058 Diaconos
773 981 812 1056 in
830 985 1010 1060 Chronico
1025 982 1230 1060 Callineuse.
1278 987 1346 1062 Hit

139 1080 401 1161 conditionibus,
414 1077 587 1171 acceptia,
612 1095 647 1150 et
670 1077 829 1174 utrinque
853 1081 1052 1175 juramento
1075 1079 1239 1171 firmatis,
1264 1103 1346 1157 curn

138 1173 204 1248 hac
225 1194 343 1248 tamen
369 1176 601 1266 exceptione,
640 1175 683 1246 ab
717 1175 923 1268 inperatore
954 1173 1091 1264 addita,
1130 1173 1345 1273 srEpiscopi

139 1286 176 1342 et
199 1270 370 1342 Procerea
392 1267 604 1342 Germaniae
629 1290 686 1340 eas
719 1287 810 1342 ratas
838 1271 1030 1360 haberent,
1071 1270 1248 1346 Henricur
1271 1273 1346 1356 Ro·

140 1385 229 1436 mam
255 1385 289 1437 a.
320 1385 426 1441 1111.
452 1361 618 1452 intravit,
642 1380 681 1436 et
704 1362 838 1436 solenni
864 1388 965 1439 more
991 1365 1179 1460 magnifice
1204 1363 1257 1441 est
1281 1389 1342 1440 ex·

138 1479 282 1555 ceptus,
304 1482 346 1533 ac
372 1459 551 1554 inperator
570 1457 775 1555 defiguntur.
826 1457 926 1559 Quae
948 1459 1160 1535 cerimoniae
1186 1460 1343 1556 prostant

136 1552 171 1628 in
193 1557 303 1627 ordine
327 1553 475 1643 Romano
499 1554 590 1648 apud
616 1551 800 1628 Mabillon.
833 1554 981 1646 Musaeo
1007 1555 1131 1629 italico
1164 1574 1248 1630 totu.
1274 1559 1345 1645 ll.,

140 1671 176 1722 et
199 1653 236 1723 in
254 1648 338 1724 ariis
358 1646 542 1721 vati'canu
563 1649 654 1743 apud
677 1648 882 1740 Batonium,
908 1671 976 1724 uec
1000 1671 1071 1723 non
1095 1650 1132 1722 in
1150 1650 1240 1726 libro
1255 1653 1345 1733 Pon·

139 1744 283 1832 tificali,
320 1743 410 1837 apud
441 1742 668 1836 Spondauutn
701 1741 740 1815 in
771 1743 865 1817 notis
896 1744 939 1819 ad
971 1744 1115 1819 Batonii
1145 1746 1345 1841 epitomen,

139 1861 167 1911 a.
196 1862 280 1932 174
332 1843 420 1912 Cum
450 1856 567 1910 autem
589 1837 680 1932 Papa
704 1838 924 1915 conditiones
956 1843 998 1913 ab
1023 1842 1225 1933 snperatore
1247 1842 1344 1917 adin·
1384 1929 1386 1933 v

139 1934 282 2030 plendar
310 1951 512 2029 expeteret,
544 1948 730 2027 antequam
761 1950 1014 2024 coronaretur,
1044 1934 1213 2031 Episcopi
1238 1958 1346 2023 vero,
1488 1942 1499 1955 ⁸

139 2052 226 2124 quot
254 2033 368 2103 secum
394 2028 539 2102 duxerat
568 2026 763 2113 Henrictrs,
802 2027 972 2122 regalibus
1004 2031 1198 2103 recusarent
1226 2030 1347 2104 nunci-

141 2149 200 2200 um
226 2122 392 2211 mittere,
431 2142 498 2194 uec
523 2121 703 2195 Henricur
721 2122 777 2205 ‚ab
807 2122 1023 2197 investituris
1062 2123 1232 2197 abstinere
1265 2147 1348 2201 tunc

142 2223 272 2310 uellet,
301 2214 471 2293 Pontifex
492 2215 644 2324 denique
669 2215 806 2310 Regem
833 2235 1003 2290 coronare
1027 2238 1213 2290 renueret:
1248 2221 1348 2293 scena

144 2336 226 2389 mox
258 2330 392 2388 mutata
417 2308 486 2397 est,
524 2329 561 2383 et
589 2304 798 2383 intestinum·
819 2309 992 2404 quoddam
1025 2329 1185 2386 exortum
1211 2312 1346 2388 belluni.

140 2407 320 2486 Henricur
335 2403 430 2479 enim
453 2426 539 2479 mox
569 2427 690 2480 manua
714 2402 750 2477 in
771 2406 919 2500 Papam,
951 2405 1163 2496 Cardinalea,
1192 2429 1229 2481 et
1252 2411 1349 2505 Epis·

142 2528 257 2601 copor
278 2505 390 2595 Papae
411 2499 552 2595 injecit,
589 2495 716 2594 eosque
742 2498 802 2574 sub
826 2499 968 2574 militari
994 2499 1142 2575 retinuit
1170 2502 1346 2594 custodia,

143 2603 219 2678 imo
238 2601 395 2711 plebem,
433 2592 586 2691 aliosque
618 2591 879 2683 honoratiores,
920 2594 978 2691 qui
1009 2618 1089 2670 cum
1126 2596 1272 2674 floribus
1308 2624 1346 2677 et

145 2698 271 2796 palmia
291 2691 327 2765 ei
349 2686 486 2767 obviam
503 2687 756 2785 procellerent,
780 2686 918 2784 spoliari
941 2707 977 2765 et
999 2689 1100 2766 caedi
1119 2691 1227 2787 jullit.
1273 2697 1349 2770 Ro·

146 2791 261 2880 mani,
287 2785 379 2883 quasi
400 2786 439 2860 in
461 2784 613 2857 furorem
636 2781 722 2873 atti,
757 2781 969 2873 Germanou,
1002 2808 1088 2895 quot
1116 2808 1178 2859 uot
1201 2789 1239 2863 iu
1264 2795 1349 2866 urbe

145 2885 395 2970 offendebant,
419 2879 653 2968 trucidarunt,
688 2879 772 2952 dein
796 2902 876 2952 curn
899 2900 1055 2954 exercitu
1119 2881 1230 2967 enrici
1255 2905 1353 2964 entra

144 2987 269 3058 urbem
294 2998 412 3074 pugna
434 2971 540 3063 inita,
581 2973 618 3048 in
646 2996 712 3071 qua
745 2971 821 3069 ipse
850 2974 1029 3049 Henricus
1057 2973 1110 3048 est
1136 2978 1350 3073 vulneratur,

147 3083 188 3154 ab
221 3077 312 3151 urbe
344 3069 525 3144 abscedere
547 3086 753 3165 coegerunt.
820 3067 923 3177 Quae
954 3068 1071 3144 omnia
1102 3093 1147 3144 ex
1178 3073 1354 3153 Chronico

146 3168 363 3254 Casfiuense,
388 3166 510 3237 Leone
536 3161 711 3252 Ostiense,
736 3163 885 3258 Sugerro
900 3162 938 3236 in
953 3164 1026 3238 vita
1050 3163 1240 3258 Ludovici,
1265 3174 1356 3248 aliis·

171 3291 232 3356 ue,
270 3260 441 3339 constant.
488 3260 576 3332 Cum
605 3281 690 3332 vero
724 3259 848 3354 Papam
872 3280 936 3353 per
961 3266 1010 3349 56
1032 3259 1107 3333 dier
1138 3261 1176 3333 iu
1200 3264 1357 3346 custodia

130 3364 136 3373 '
193 3356 373 3444 timuisset,
410 3353 599 3450 urbemque
621 3351 802 3427 infestaret
828 3350 1023 3444 Henricus,
1063 3354 1176 3451 Papa,
1212 3377 1249 3431 ut
1274 3361 1358 3458 fibi,

151 3460 301 3556 suisque,
320 3471 360 3527 et
375 3448 470 3539 urbi,
499 3444 716 3538 consuleret,
740 3447 885 3523 schisma
901 3471 1039 3546 quoqne
1054 3448 1199 3541 vitaret,
1221 3451 1360 3537 invota

153 3549 364 3651 Inperatorit
386 3543 570 3634 coucessit,
598 3543 798 3637 juramento
822 3543 1019 3639 pollicitus,
1054 3543 1090 3618 se
1111 3568 1191 3619 curn
1215 3547 1253 3623 in
1280 3553 1360 3649 jure

151 3648 438 3729 investiturarum
464 3661 637 3735 nunquam
662 3635 731 3712 elie
754 3639 988 3727 turbaturum,
1020 3660 1086 3712 nec
1116 3643 1162 3715 ob
1188 3642 1262 3721 vim
1286 3652 1359 3725 illa·

151 3768 218 3824 tam
247 3735 644 3828 excommunicaturum.
692 3732 814 3833 Quid?
846 3734 938 3833 quod
967 3730 1187 3833 privilegium
1212 3741 1360 3822 Investi.

155 3863 332 3928 tutatum,
362 3852 466 3906 manu
489 3832 545 3903 sua
568 3827 819 3925 subscriptum,
860 3849 898 3904 et
921 3831 1050 3905 annulo
1082 3831 1272 3911 Pontificio
1297 3836 1361 3914 o'b.

155 3937 340 4037 lignatum,
378 3924 559 4001 tradiderit
581 3923 756 3999 Henrico.
806 3923 928 4010 Exstat
962 3926 1051 4023 apud
1075 3927 1363 4010 Malnretburien.

157 4033 225 4111 sem
246 4035 301 4129 de·
316 4022 421 4127 gqllit
444 4020 574 4116 Regum
595 4020 789 4194 Angloruff
804 4016 864 4098 lib.
889 4021 938 4101 V.
973 4019 1079 4111 ,vlt
1110 4024 1216 4109 etiam
1240 4027 1364 4193 Dhode,

796 4138 818 4191 a
1243 4137 1369 4205 crnur
