3022 4806
138 630 210 713 304
522 594 672 699 Idfioiia
693 596 820 699 Eccles.
844 592 962 700 ciust.

145 784 282 865 Ordine
307 776 426 853 severe
447 776 721 852 mendicantium
753 774 934 870 effutiiffe,
973 798 1017 853 ac
1050 774 1092 855 ad
1122 796 1204 851 eum
1238 770 1371 849 misere
1482 777 1489 786 '

147 878 324 961 detorlilie
343 873 595 981 Apocalypstn,
621 874 778 971 adeoque
792 898 856 947 eoa
871 875 909 948 iu
931 874 964 946 A
994 870 1142 969 ocalcpli
1156 872 1366 966 explicanda

150 1002 273 1079 parurn
296 968 524 1081 praestittlle,
550 969 611 1078 nist
636 976 728 1080 quod
748 970 929 1042 Romanae
982 946 1124 1045 celeliae
1146 966 1271 1077 satiem
1286 986 1367 1037 cor·

149 1091 289 1171 ruptam
318 1092 355 1139 ιιι
379 1086 419 1136 ea
448 1063 826 1234 vppgtppetridipirppam,
857 1064 956 1140 simul
985 1062 1366 1197 reformationemfic·
1487 1131 1509 1217 ..⁶

148 1166 466 1361 clepaecceppiavte
490 1212 946 1351 Subjungamuspostremo
969 1254 1171 1331 tractationi
1206 1254 1253 1331 de
1286 1250 1364 1327 hae·
1467 1220 1507 1320 ἶ

154 1355 277 1435 reticit
300 1368 436 1424 errores
468 1374 487 1423 a
520 1350 684 1429 facultate
722 1348 894 1425 Patistensr
927 1350 1129 1441 damnator,
1167 1375 1199 1427 a
1239 1370 1363 1439 1240..
1473 1364 1489 1445 3-

153 1468 329 1552 praetetea
353 1445 564 1519 diabolicam
590 1451 758 1543 quandam
784 1444 955 1534 naerestu,
980 1468 1066 1544 quae
1089 1471 1155 1543 per
1181 1444 1371 1522 Germani·
1474 1444 1505 1497 'e‘

154 1571 210 1621 am
234 1542 379 1641 grallata
403 1537 465 1612 est.
518 1544 717 1637 Opinioner
737 1543 780 1614 ab
804 1562 843 1613 ea
866 1544 1045 1615 facultate
1059 1542 1285 1641 proscriptae
1300 1564 1380 1613 me·
1484 1546 1491 1561 “

152 1660 332 1717 morantur
364 1634 555 1731 sequentes.
608 1661 640 1713 t.
667 1635 836 1711 Divinam
864 1636 1038 1710 effentiam
1072 1639 1116 1711 ab
1151 1636 1307 1736 Angelia
1336 1648 1411 1707 et:
1495 1640 1509 1712 ⁸.

155 1735 270 1813 Beatir
292 1732 409 1806 videri
435 1755 504 1804 non
532 1732 631 1841 polle
665 1756 697 1807 2.
723 1754 818 1819 eam,
857 1731 991 1807 ratione
1015 1731 1173 1824 formae,
1201 1756 1275 1806 non
1304 1728 1424 1806 ess‘css

150 1832 195 1909 -itt
218 1828 349 1927 Spiritu
376 1827 429 1912 S.‚
457 1828 509 1899 uti
532 1849 568 1898 tn
586 1828 687 1900 Patre
712 1845 748 1899 et
773 1824 871 1901 Filio.
923 1852 957 1923 3.
980 1826 1172 1925 Spiritum,
1198 1846 1309 1925 prout
1324 1818 1439 1903 eth

156 1948 258 2005 amor
283 1945 319 1998 et
346 1942 472 2009 nexus,
498 1944 566 1993 non
592 1920 661 1995 csse
683 1947 703 1997 a
728 1920 838 2012 Filio,
871 1922 929 1996 sed
955 1948 975 1997 a
999 1926 1073 1998 solo
1096 1924 1200 1997 Patre
1224 1946 1264 2017 4.
1289 1924 1361 1998 mul
1438 1935 1450 1955 ·

157 2020 292 2101 tareffe
306 2016 474 2092 veritates
487 2034 659 2109 aeternat,
685 2038 772 2115 quae
788 2039 857 2091 non
876 2020 1061 2115 sunt,ipse
1077 2020 1191 2115 Deus,
1244 2042 1285 2111 5.
1303 2020 1398 2094 Art*
1406 2028 1461 2081 λ·

153 2121 278 2233 ¹gelum
303 2117 430 2189 malum
459 2112 498 2187 in
523 2114 642 2223 primo
667 2112 810 2187 instanti
835 2112 937 2187 luisse
961 2122 1076 2191 talem.
1128 2120 1162 2191 ό.
1193 2114 1468 2213 Angelum

157 2240 201 2293 ιιι
231 2211 358 2289 eodem
393 2207 533 2283 instantt
566 2209 636 2282 elie
670 2208 834 2305 possein
871 2208 1016 2283 diversit
1047 2210 1144 2287 lucia.
1200 2234 1242 2307 7.
1270 2205 1474 2305 Οιιῑιιώς

154 2312 300 2387 meliora
334 2304 466 2376 suerint
493 2306 675 2393 naturalia,
715 2304 881 2396 majorem
907 2302 1097 2380 necessario
1128 2303 1201 2380 ell'e
1227 2302 1480 2405 gratiatca‘u

151 2422 192 2485 et
215 2401 368 2499 gloriam.
421 2406 454 2473 8.
479 2399 644 2470 Liberum
672 2396 847 2471 arbitrium
883 2400 1012 2473 habere
1045 2401 1244 2493 potentiam
1277 2422 1396 2477 natur
1407 2401 1485 2463 ἒ·

157 2498 268 2577 nalem
291 2492 333 2565 ad
356 2492 596 2585 recipiendam
624 2493 788 2588 gratiam,
822 2492 880 2567 sed
906 2518 975 2568 nou
1007 2497 1236 2589 effectivam,
1280 2498 1318 2573 h.
1341 2518 1392 2574 e.
1406 2494 1506 2551 ⁴5«

158 2590 295 2691 gratiae
347 2585 547 2692 receptioni
592 2608 856 2683 cooperantem.
920 2614 955 2681 9.
1025 2590 1058 2664 ui
1103 2592 1290 2669 damnatua
1328 2563 1492 2667 etnst

156 2705 335 2783 nunquam
367 2681 437 2754 fuit
466 2682 656 2777 ingratia.
713 2685 800 2757 Vid.
833 2686 878 2756 de
910 2686 966 2759 his
1041 2689 1137 2762 atalis
1173 2688 1427 2764 Alexandrea
1439 2680 1491 2773 et

154 2786 199 2865 iu
222 2780 303 2859 nist.
329 2778 429 2875 hujus
453 2774 569 2851 seculi.
617 2780 808 2851 Contennit
831 2779 938 2852 etiam
964 2782 1135 2873 prolixum
1168 2782 1488 2881 catalogum'tss

157 2901 341 2962 errorum,
380 2874 508 2981 eosque
538 2874 716 2948 damnavit
747 2898 776 2946 a.
807 2895 935 2969 1277„
959 2872 1489 2975 stephanur'Parifienst'rssss⁸

158 2977 375 3075 Episcopus,
401 2993 460 3065 qur
485 2970 705 3044 recensentur
728 2975 764 3043 in
790 2971 875 3044 Bibl.
902 2972 957 3044 M.
983 2975 1120 3046 Patrum
1146 2992 1232 3048 tom.
1251 2972 1415 3049 XXV-
1480 3003 1489 3023 ·

160 3073 265 3151 Dicit
288 3083 400 3139 autem
427 3063 465 3135 in
490 3066 656 3159 praefat,
682 3090 742 3138 eos
764 3070 796 3137 in
818 3065 1006 3139 Academia
1022 3068 1124 3143 Paris.
1150 3070 1296 3165 publice
1319 3070 1488 3145 fur-³

162 3168 228 3245 ille
252 3158 448 3260 propositor
471 3159 559 3252 quast
581 3165 797 3249 dubitabiles,
823 3177 854 3231 tt
878 3160 1045 3257 insultolt't
1067 3162 1231 3261 disputari
1242 3168 1484 3264 solitos.)-

162 3260 294 3348 Addit,
319 3253 408 3341 dici,
434 3280 471 3328 ta
495 3255 555 3351 effe
581 3274 656 3329 nota
682 3274 711 3328 rt
742 3281 817 3329 veta
830 3256 1008 3350 secundum
1033 3261 1350 3361 Pstilosopltiam,sr

160 3366 222 3434 niun
237 3353 415 3452 secundum
433 3350 535 3445 fidem
564 3353 778 3425 Catltolicnm:
805 3355 897 3446 quod
922 3356 1045 3451 carpit.
1080 3360 1370 3433 ·Contexuerunt
1393 3351 1481 3419 4

185 3474 299 3548 uoque
331 3449 477 3520 aliorum
512 3471 666 3522 errorum
699 3450 842 3544 longum
880 3452 1074 3545 catalogum
1108 3452 1371 3529 centuriatores
1403 3448 1479 3513 θ

160 3480 499 3644 {lagdeburgensen
530 3544 587 3616 sed
611 3568 697 3640 quoa
720 3545 769 3618 ibi
803 3548 868 3644 legi
890 3549 1019 3620 malim.
1056 3548 1247 3624 'Dianottca
1281 3572 1370 3625 veru
1419 3544 1476 3597 θ

162 3641 330 3726 haerelis,
364 3660 449 3733 quae
479 3640 516 3710 in
550 3639 738 3713 Germania
768 3641 878 3714 fertur
911 3645 1079 3739 erupisse,
1119 3667 1188 3718 tam
1212 3644 1370 3723 enormis
1438 3640 1474 3685 ⁴·

164 3734 368 3819 describitur
393 3751 436 3839 et·
456 3732 572 3827 inpia,
605 3755 644 3806 ut
673 3736 779 3807 fidem
812 3736 888 3807 sere
915 3739 1065 3833 superet.
1114 3740 1368 3837 Depinguntut

163 3834 259 3915 enim
282 3832 319 3903 hi
346 3831 519 3936 hommes,
561 3830 620 3920 qui
645 3832 817 3925 Studingltt'
841 3830 1069 3926 adpellautur,
1102 3857 1268 3933 tanquam
1293 3838 1367 3913 foe·

161 3928 273 4021 durati
296 3924 459 4010 Diaboli,
483 3940 519 3994 et
542 3922 682 4015 pruleffi
715 3928 851 4018 hostes,
882 3951 922 4001 ac
962 3933 1072 4026 aperti
1106 3958 1128 4005 ο
1156 3956 1201 4027 pu
1226 3934 1368 4010 natoter¹

159 4026 256 4121 Dei,
275 4022 455 4103 coelorum
477 4018 647 4121 Domini,
670 4042 772 4125 quem
796 4025 901 4101 etiam
925 4030 1038 4124 palam
1064 4046 1103 4103 et
1125 3958 1159 4104 ἕ
1236 4028 1368 4199 elibm‘:

157 4162 187 4173 ··
276 4152 281 4167 ··
668 4162 670 4166 ⁴
735 4138 752 4151 ··
788 4172 794 4184 1
1223 4126 1373 4227 pemitt
