3022 4806
549 642 682 718 ''Settl
711 641 839 720 nlla<
871 634 875 639 ’
934 646 940 675 ’·
1262 630 1349 740 '⁴253⁴

121 819 238 901 velare
261 819 445 911 recusant,
469 819 526 894 vel
551 818 761 896 tietantia
786 820 1010 898 haereticalia
1038 820 1206 908 confeffi,
1233 810 1348 903 incen-

119 919 266 1015 pionem
282 919 532 994 haereticaletn
550 938 702 1014 negant;
728 919 787 1012 qni
808 918 993 1013 postremi,
1020 917 1206 993 secundum
1221 920 1344 990 dot'lo·

119 1038 179 1091 rea
212 1014 452 1109 Hispanicor,
492 1013 679 1111 torquendi
703 1012 783 1085 sunt
807 1038 872 1109 pro
901 1017 1102 1088 confitenda
1135 1014 1344 1088 intentione.

119 1109 184 1187 Est
215 1128 331 1187 autem
363 1133 483 1185 eorum
518 1114 654 1206 regula,
696 1112 983 1202 pracl'miienduin
1020 1111 1089 1183 else
1112 1108 1146 1179 iu
1176 1132 1215 1183 re
1241 1110 1346 1183 dubia

119 1231 192 1308 pto
211 1204 356 1281 haeresi.
391 1231 419 1281 c.
433 1207 515 1281 itui
532 1208 608 1281 sunt
625 1210 875 1300 inportunitas,
905 1211 957 1280 uel
976 1207 1187 1302 pertinaces,
1208 1204 1260 1277 alii
1272 1218 1345 1298 pu't·

119 1308 279 1383 nitentes.
321 1300 383 1377 -Ad
408 1304 540 1397 priores
562 1301 763 1396 pertinent,
805 1304 862 1396 qui
889 1308 943 1376 vel
977 1305 1136 1399 legitime
1162 1302 1336 1388 convicti,

119 1401 182 1477 ‚nel
198 1397 367 1486 confesti,
384 1401 540 1493 abjurare
561 1399 685 1470 nolunt
704 1419 879 1487 errorem,
900 1421 937 1471 et
955 1397 1228 1471 satisfactionem
1248 1419 1345 1507 prae·

124 1494 234 1584 nare,
274 1512 332 1569 aut
356 1495 624 1603 poenitentiam.
642 1492 826 1585 inpositam
857 1498 1052 1590 negligunt.
1104 1492 1207 1590 Quod
1239 1506 1261 1566 li
1285 1491 1345 1566 ali·

119 1594 202 1692 quir
227 1608 331 1667 metti
349 1590 511 1687 lupplitii
538 1589 641 1663 suerit
659 1586 852 1672 confessus,
888 1596 922 1667 ei
949 1593 1186 1663 innocentiam
1215 1614 1284 1662 non
1310 1586 1348 1662 li·

119 1706 185 1763 cet
211 1684 389 1773 adserere,
405 1686 479 1783 ,nisi
498 1686 615 1758 denuo
638 1684 723 1755 velit
747 1684 967 1777 inquisitioni
983 1685 1097 1769 tradi,
1124 1708 1160 1759 et
1187 1694 1347 1781 tauquam

120 1781 354 1881 inpoenitens
379 1781 506 1878 puniri.
554 1778 757 1855 Posteriurir
780 1780 890 1853 nlalsir
913 1782 1008 1871 sun't,
1037 1779 1263 1878 quietiorem
1285 1790 1343 1859 ab·

119 1881 267 1977 iurant,
293 1896 331 1951 et
359 1899 551 1974 congruam
581 1875 750 1949 exhibent
775 1874 1067 1966 soriisatlioncm'5
1092 1876 1115 1948 si
1142 1876 1344 1970 verospoti·

123 1994 160 2051 te
183 1992 271 2049 ante
297 1974 505 2049 citationem
535 1991 572 2047 et
595 1971 853 2067 requisitionem
871 1972 1034 2062 veniant,
1061 1971 1180 2045 mitius
1205 1972 1345 2068 quidem

128 2068 342 2160 ninantur,
378 2068 438 2144 sed
464 2071 555 2143 bona
582 2065 637 2142 sua
668 2068 710 2139 ad
735 2067 936 2161 inplendum
969 2068 1227 2161 poenitentiarii
1262 2070 1347 2144 obli·

128 2190 212 2265 gare
238 2166 374 2240 debent
402 2162 620 2261 Inquisitori,
665 2161 688 2233 si
727 2183 799 2232 non
834 2162 897 2234 nisi
928 2164 1006 2258 post
1040 2160 1278 2257 requifitioncr
1308 2170 1347 2240 et

121 2258 344 2341 monitiones
368 2262 481 2337 varias
504 2260 670 2344 redeunt,
705 2255 874 2331 severiori
910 2258 1136 2352 subjiciuntur
1159 2259 1348 2354 poeniten·

126 2356 217 2445 ἀει,
261 2355 354 2431 sixto
386 2356 550 2444 denium,
590 2377 695 2450 quum
716 2352 851 2450 judicio
884 2355 1027 2431 seculari
1062 2355 1141 2426 sunt
1163 2355 1345 2450 tradendi,

122 2453 400 2549 ueniant·,.noii
423 2451 659 2546 recipiuntur,
693 2449 730 2522 iri
755 2450 897 2545 primia,
927 2451 951 2523 si
975 2450 1133 2543 ltegibur
1156 2471 1193 2522 er
1211 2448 1347 2529 Princie

125 2552 232 2649 pilton
251 2549 374 2625 conati
401 2545 535 2621 suerint
567 2544 723 2619 haeresin
749 2545 923 2621 instillare.
970 2549 1001 2620 il.
1029 2544 1097 2620 Alii
1126 2546 1203 2621 sunt
1226 2549 1344 2624 lintre·

123 2644 299 2742 hicine,
323 2641 572 2717 illineretur.
622 2643 780 2730 Priores,
805 2641 911 2715 etiarn
928 2641 1179 2739 dogmatistae,
1201 2643 1345 2740 dogma·

126 2744 306 2829 rinitores,
323 2762 365 2823 ae
388 2738 541 2834 persedli
567 2738 751 2831 adpellari,
777 2737 959 2827 conversi,
989 2738 1107 2811 miritis
1132 2739 1209 2811 sunt
1236 2741 1344 2814 initio

122 2834 289 2925 uastati,
321 2854 360 2913 et
385 2833 534 2919 admilli,
551 2890 554 2895 .
574 2834 632 2906 scd
659 2832 774 2928 postea
803 2833 941 2907 seculari
976 2835 1119 2908 bracliio
1146 2852 1343 2928 coeperunt

126 2933 228 3011 oali.
277 2930 492 3005 Posteriores
515 2929 612 3017 sunt,
637 2933 718 3024 qui,
740 2931 795 3003 vel
818 2931 970 3025 priorum
987 2929 1128 3002 ·huer'esi
1152 2931 1259 3003 fidem
1285 2932 1344 3007 ad·

124 3030 278 3115 uiuent,
312 3025 369 3099 vel
395 3026 538 3099 credere
559 3023 761 3118 judicantur
788 3044 830 3098 ert
854 3028 971 3105 vernia
994 3024 1142 3099 sociisve
1168 3027 1252 3115 suls,
1285 3034 1347 3100 tiu't

126 3124 272 3205 ollibus
287 3119 467 3219 legitimis.
516 3120 573 3192 nd
586 3141 733 3215 quorum
750 3118 886 3193 claffeni
901 3122 1010 3195 etiarn
1029 3120 1224 3194 reseruntur
1240 3123 1344 3199 soliis·
1439 3125 1442 3129 ’

122 3221 264 3309 nutrici,
301 3218 360 3314 qui
383 3219 426 3291 ab
450 3213 584 3291 unitate
600 3215 796 3309 Ecclesiae,
822 3237 882 3293 aut
909 3215 1095 3292 Pontificio
1121 3218 1343 3312 obedientia,

121 3317 302 3397 recedunt.

130 3478 137 3509 ἶ
164 3413 202 3513 ς.
228 3409 370 3487 CCXX.
395 3431 423 3484 e.
448 3406 522 3482 Alii
550 3408 627 3483 sunt
651 3410 707 3485 vel
737 3426 949 3507 receptatores
983 3408 1257 3501 haereticorum,
1289 3411 1347 3509 qui

123 3520 188 3589 ἕω
205 3507 243 3585 in
267 3506 413 3600 domurn?
428 3504 627 3598 recipiunt,
655 3505 726 3580 sire
742 3507 784 3579 ad
812 3500 1077 3604 hospitandum,
1102 3504 1174 3578 live
1190 3506 1231 3580 ad
1249 3530 1346 3603 prae·
1427 3594 1429 3599 ¹

124 3604 339 3692 dcundum,
366 3603 423 3675 vel
447 3599 646 3701 defensores,
672 3600 733 3697 qui
749 3623 829 3691 eor,
847 3601 904 3675 vel
921 3603 1034 3674 verbo
1059 3602 1118 3675 vel
1139 3600 1258 3693 sallo,
1285 3608 1342 3679 vel

148 3722 265 3785 uocuri
292 3696 418 3775 tie-atio
434 3699 566 3788 ruodo,
586 3699 800 3787 defendunt,
818 3717 854 3771 et
872 3694 1062 3791 Ecclesiam
1082 3696 1271 3794 inpediunt
1288 3700 1343 3774 os·

124 3726 245 3881 ddum
307 3814 408 3884 cere,
442 3794 497 3870 vel
512 3791 691 3886 fautores,
732 3791 792 3890 qui
818 3815 878 3869 eor
901 3815 972 3869 nori
997 3792 1180 3883 defernnt,
1219 3796 1346 3872 antiit

126 3914 198 3971 non
218 3894 431 3968 incumbunt
456 3887 706 3987 exstirpandis,
731 3907 789 3970 aut
809 3890 934 3986 quovis
957 3891 1065 3965 inodo
1089 3888 1158 3965 alio
1183 3889 1341 3966 favorem

124 3990 173 4088 nli
198 3989 311 4065 uolent
334 3985 530 4085 praestant,
554 3988 636 4083 qui,
654 3987 728 4061 live
745 3986 811 4061 sint
826 3984 1073 4082 Magistratus,
1099 3983 1170 4058 sive
1187 3986 1340 4079 priuati,
1377 4079 1379 4083 ,

124 4013 204 4189 lpse
220 4084 303 4187 iure
322 4083 633 4183 &emunitati
650 4086 752 4257 suni,
786 4081 878 4183 lique
900 4083 993 4168 iiitia
1015 4092 1143 4167 tanain
1166 4081 1345 4249 ¹²⁰⁰.s¹⁰s¹·

129 4228 134 4237 ·
190 4202 195 4223 ¹
736 4196 798 4275 ¹4
1213 4196 1350 4276 Plcffll
1471 4258 1473 4267 .
