3022 4806
846 445 848 449 .
1273 447 1287 496 e.
1331 459 1340 481 v

142 820 148 833 ·
188 768 223 875 ς.
246 767 416 848 Dxcvr.
466 767 620 848 Gravem
654 795 793 872 quoque
830 771 915 872 palli
954 768 1034 849 sunt
1063 770 1350 872 persecutionem

134 866 343 947 Waldenser
358 864 413 940 alii
428 889 457 942 a.
478 884 607 960 1570„
629 868 667 945 iu
684 887 773 945 terra
789 893 892 962 nouo,
917 867 955 943 in
970 870 1136 947 confiniis
1152 875 1356 954 Pedeinou·

141 967 207 1055 eii,
230 964 459 1055 Provinciae,
484 962 785 1062 etDelpbiuatue,
807 965 907 1062 cujur
922 963 1086 1062 primaria
1106 972 1256 1047 urbeest
1271 974 1357 1046 Bar·
1476 1013 1478 1016 >

142 1063 331 1138 celonetta.
391 1061 544 1133 Fuerant
574 1060 626 1139 ibi
664 1083 685 1136 a
717 1059 913 1159 lougiliimo
955 1079 1119 1173 tempore
1159 1067 1356 1163 tranquilli,

143 1157 304 1234 Ducibus
326 1155 516 1230 sabaudiae
545 1156 587 1229 ad
608 1178 670 1230 eor
694 1179 821 1254 parum·
846 1155 1132 1253 adtendentibus,
1166 1163 1284 1238 donec
1307 1164 1358 1241 sa·

143 1249 306 1345 crificuli,
332 1249 421 1324 nihil
446 1255 490 1324 ab
519 1248 564 1326 iit
584 1251 754 1326 habentes
776 1250 888 1343 lucri,
910 1250 1059 1352 'Ducem
1083 1253 1120 1328 in
1143 1278 1206 1329 eor
1228 1257 1354 1342 incita·

144 1349 230 1422 rint.
278 1346 375 1442 Julsrt
398 1347 515 1442 itaque
547 1345 639 1423 diiio
659 1369 787 1435 anno,
814 1366 854 1421 ut
883 1349 940 1421 vel
971 1364 1098 1422 terram
1129 1349 1352 1448 desererent,

141 1445 202 1517 vel
241 1441 359 1516 miliae
396 1440 610 1516 interelleut.
669 1440 939 1516 Intercessernnt
969 1441 1119 1539 quidem
1163 1469 1230 1546 pro
1268 1448 1358 1546 -ipsra
1486 1536 1487 1540 p

141 1540 325 1632 Principes
348 1535 613 1638 Protestantium
648 1534 875 1627 Germaniae,
914 1533 957 1610 ad
989 1561 1078 1633 quor
1102 1543 1356 1638 confugerant,

145 1635 186 1710 in
213 1631 329 1728 primis
352 1631 541 1723 Palatinus,
567 1630 881 1728 missa-legatione,
915 1630 973 1707 sed
997 1653 1136 1730 praeter
1163 1640 1357 1721 bona-'veu-

146 1733 192 1804 ba
211 1728 298 1802 nibil
313 1726 545 1824 inpetrarunt.
591 1731 669 1802 imo
684 1728 838 1803 severina
857 1726 935 1824 julli
953 1727 1030 1802 sunt
1045 1728 1249 1826 religionem
1257 1729 1358 1821 TPon-

145 1823 292 1898 tiliciam
314 1821 495 1918 ampleili,
518 1842 578 1896 ant
599 1822 705 1900 erite.
756 1823 872 1923 Quare
887 1822 929 1896 ad
947 1821 1074 1900 incitat
1097 1824 1250 1916 redaiii,
1273 1826 1365 1915 cum³

146 1919 312 2016 nusquam
336 1921 424 2087 aly?
451 1918 489 1991 in
513 1919 601 1992 lucia
630 1916 758 1999 vicinia
779 1919 995 2016 reperirent,
1027 1940 1107 1993 cunt
1133 1923 1295 1999 uxoribus
1317 1943 1358 1998 et

146 2015 286 2104 liberie,
310 2036 383 2085 -me
410 2018 441 2088 ia
471 2013 619 2114 hyeme,
654 2015 867 2090 admolitur
898 2012 933 2085 se
963 2016 1206 2108 contulerunt,
1248 2038 1290 2093 ut
1312 2018 1356 2094 ad

145 2110 416 2185 i’rlffinerienser
441 2112 625 2186 venirent:
659 2107 717 2184 sed
741 2107 840 2183 multi
863 2106 995 2200 frigore
1018 2115 1227 2207 perieruntn
1260 2112 1366 2189 Post·

144 2229 190 2281 ea
215 2225 353 2290 tamen,
378 2224 458 2277 cum
484 2222 589 2279 neruo
608 2227 730 2279 eorum
757 2222 863 2276 terrar
886 2224 1059 2298 occupate
1083 2223 1121 2278 et
1143 2207 1260 2282 colere
1283 2212 1360 2285 vel·

142 2302 215 2391 let,
239 2300 415 2373 licentiam
439 2298 607 2376 redeundi
628 2317 856 2396 receperunt,
890 2296 997 2370 modo
1020 2296 1249 2397 religionem,
1274 2301 1362 2402 ipsu

143 2394 318 2485 neliilam,
343 2413 530 2467 exerceant
552 2411 650 2470 extra
672 2394 827 2469 ditiones
853 2392 970 2469 Ducis.
1021 2394 1120 2470 Plura
1143 2396 1191 2472 de
1215 2397 1259 2475 iia
1283 2421 1357 2477 uun

145 2491 305 2570 constare
329 2488 434 2561 tradit
456 2489 590 2564 Pertin.
614 2491 638 2566 Ι.
661 2489 753 2579 VL,
785 2512 832 2562 ex
855 2513 926 2586 quo
947 2487 1032 2563 lraec
1054 2488 1167 2569 surnsr.
1367 2522 1370 2527 ·

196 2587 228 2687 ᾗ.
251 2585 441 2662 Dxcvrr.
482 2583 680 2659 Succedunt
707 2581 857 2683 denique
890 2583 1095 2661 Waldenses
1123 2587 1163 2662 in
1197 2589 1359 2669 caluitio

145 2685 338 2778 degentes,
375 2679 435 2775 qui
454 2677 550 2754 circa
572 2679 714 2756 initiam
735 2681 804 2754 sec.
828 2681 954 2768 XIV..
979 2681 1024 2752 ab
1045 2681 1159 2777 aliquo
1174 2685 1358 2760 Domino·

143 2802 224 2854 rum
248 2773 420 2850 Calabriae
444 2772 607 2865 invitati,
639 2774 841 2873 ingenuum
868 2772 1041 2867 promisit
1064 2774 1278 2873 privilegiu,
1309 2782 1369 2854 c'o·

145 2868 901 3046 lilii?{illlilz‘i‘ld‘lni
915 2871 1369 3061 indifferentia.

143 3082 249 3154 runt,
288 3083 330 3136 ac
352 3018 600 3152 aedificium,
639 3017 836 3171 pagir’non·
854 3076 1005 3170 tautum,
1044 2985 1103 3134 sed
1125 3080 1163 3136 et
1187 3063 1356 3159 urbibut,

147 3158 358 3247 erliruiiir,
376 3178 415 3230 ut
432 3157 713 3243 Ultramontanr,
738 3157 774 3229 S.
800 3156 910 3245 Sinti,
936 3152 1134 3248 Vaeariiso,
1159 3158 1360 3258 Argentiua

145 3261 183 3332 S.
207 3253 399 3339 Vincenti,
431 3269 470 3325 er
493 3249 664 3343 Gaudia,
697 3249 788 3324 baud
812 3252 934 3347 procul
958 3251 1048 3327 mari
1072 3252 1357 3346 Mediterraneo,

145 3349 298 3446 aliisque.
351 3347 555 3421 Manserunt
592 3346 645 3421 ibi
683 3345 879 3441 tranquilli,
927 3347 1146 3422 aDominir
1184 3350 1359 3428 territorii

145 3443 298 3533 defenfi,
335 3447 384 3516 ab.
408 3441 483 3536 ipso
507 3461 645 3538 quoque
667 3442 770 3535 Rege
793 3439 965 3537 Apuliae,
1005 3442 1228 3521 ferdinande
1250 3447 1361 3524 Arra·

146 3543 295 3638 neniae,
335 3534 531 3635 privilegiis
560 3535 794 3626 confirmatis,
833 3535 905 3612 sese
933 3555 1097 3632 quantum
1130 3560 1218 3635 pote
1240 3544 1382 3619 occul-3¹

146 3651 288 3723 canter,
336 3630 490 3707 subinde·
509 3633 617 3707 etiam
651 3629 818 3732 quaedam
840 3639 981 3712 coum
1018 3633 1238 3712 voluntatem
1266 3637 1359 3711 diiii·

126 3730 341 3816 ‚,mulantes,
379 3745 524 3820 propter
554 3726 690 3804 vicinor
721 3726 943 3820 Catholicor,
984 3725 1157 3826 usquead
1187 3757 1219 3809 a.
1244 3738 1355 3822 1556.

149 3824 318 3923 Quando,
344 3821 678 3899 Pedemontanorum
700 3820 813 3897 studio
838 3822 1005 3916 excitati,
1038 3825 1216 3922 publicum
1242 3827 1362 3927 religi,

151 3921 231 3995 onir
262 3915 472 4007 exercitium
503 3938 698 4013 coeperunt
737 3917 994 4012 introducere,
1020 3918 1267 4018 nequicquam
1297 3946 1364 4001 eoa

151 4011 325 4116 prudente
369 4007 512 4106 Palinre
531 4012 697 4113 elegidia.
715 4010 951 4109 dehortante,
987 4015 1379 4117 permulitoboculnr.

205 4100 297 4194 ibn,
321 4106 386 4203 231·
632 4194 635 4198 ,
709 4107 750 4195 Ν
758 4128 846 4186 nnn
1222 4110 1380 4217 peliden¹

1438 4322 1475 4524 l
