3022 4806
134 622 205 692 104
514 591 661 686 Hisloria
685 592 810 694 Eccles
835 592 954 695 Cluifl.

135 801 222 878 quae
247 776 290 848 ab
314 797 359 846 eo
385 769 589 866 Apostolica
614 773 802 850 autoritate
828 798 869 850 ac
891 770 1143 869 subscriptione
1181 794 1254 848 nan
1288 771 1352 848 lir-

135 894 294 948 muntur:
328 894 402 943 rmo
427 893 567 941 enarrem
592 871 829 946 Conciliurum
864 872 1085 944 autoritatem
1122 896 1142 945 a
1180 873 1355 945 Romano

138 969 312 1044 Pontitict·
337 965 531 1060 prosterni,
567 986 632 1037 nec
659 988 825 1062 oportere
858 986 994 1062 praeter
1027 967 1101 1059 ejus
1136 967 1351 1051 sententiam

135 1067 281 1140 concita
304 1062 489 1134 celebrari:
515 1062 688 1155 deniqne,
715 1067 844 1138 habere
862 1065 1052 1135 Romanam
1071 1063 1260 1136 Ecclesiam
1277 1065 1352 1136 duo

136 1157 323 1259 privilegia
348 1155 533 1242 divinitus,
559 1157 747 1247 videlicet,
776 1178 856 1253 prae
881 1161 1024 1229 omnibus
1048 1164 1273 1256 incorruptam.
1288 1179 1349 1254 pu·

132 1264 267 1332 ritatem
295 1255 395 1347 sitiri,
439 1271 470 1324 et
494 1252 596 1348 super
629 1278 734 1327 ornnes
761 1253 952 1352 potestatem
976 1256 1160 1350 judicandi.
1208 1255 1350 1328 Eodem

136 1357 319 1435 recidunt,
352 1369 439 1443 quae
474 1349 604 1422 Ternas
628 1350 877 1424 Cuntuarienlis
907 1364 1043 1445 protere
1075 1352 1096 1422 l.
1128 1354 1158 1425 1.
1187 1374 1247 1448 ep.
1284 1373 1346 1442 97.

134 1431 277 1523 Dauno*
301 1447 337 1514 in
368 1445 577 1517 notabilibus
615 1445 768 1519 Honorii
796 1443 1114 1543 augustodunense
1144 1447 1267 1520 verbis
1310 1468 1350 1519 tn

137 1546 270 1615 Gertuna
293 1542 441 1626 aar‘nrae,
467 1540 523 1613 scu
541 1540 585 1612 de
610 1545 740 1635 antiquo
767 1547 834 1615 ritu
861 1541 1022 1637 russorum
1048 1539 1107 1616 lib.
1130 1544 1177 1620 L<
1194 1566 1227 1618 c.
1264 1549 1349 1622 188.

135 1643 256 1736 quibus
290 1637 496 1730 dignitatem
538 1651 574 1706 ot
609 1636 761 1710 officium
796 1641 907 1732 Papae
944 1637 1141 1713 summatim
1183 1637 1351 1733 exponit.

37 1784 42 1795 ι
135 1740 230 1828 Papa
263 1733 380 1803 licitur
409 1731 512 1803 Pater
544 1732 701 1822 l'atrnrn,
734 1736 786 1807 rel
816 1736 920 1829 cuslor
951 1732 1101 1807 Parrum.
1149 1737 1215 1809 Hic
1248 1737 1350 1806 etiam

136 1828 339 1924 Uair’ersalts
373 1843 593 1917 rattrtcupatnr,
627 1833 702 1919 quia
737 1831 903 1925 universae
936 1825 1104 1920 Ecclestac
1131 1834 1350 1925 principatur.

136 1929 203 2001 Hic
234 1945 349 2020 quoque
378 1922 578 2016 Aposloltrzrr
613 1945 836 2017 nuncupatur,
875 1926 950 2019 pulc
984 1928 1153 2020 Principis
1183 1925 1353 2022 Apostolo-

135 2047 208 2097 rum
241 2025 310 2095 rt'ee
337 2015 511 2111 fungitur.
561 2020 627 2088 Hra
656 2023 757 2094 etiarn
780 2020 928 2113 sumanus
955 2017 1112 2114 Pontifex
1144 2023 1351 2117 adpellatua,

137 2122 213 2215 auia
238 2130 335 2211 caput
360 2119 496 2186 omnium
520 2113 829 2210 Episcoporumesse
853 2117 989 2190 ridetur.
1038 2120 1149 2211 liujus
1177 2143 1289 2193 nomeu
1315 2120 1352 2190 ia

140 2219 336 2288 ordinatione
364 2228 529 2300 mutatur,
554 2215 629 2304 quia
652 2216 743 2286 Petri
766 2235 873 2286 nornen
898 2216 931 2282 iu
951 2212 1153 2306 praelatione
1178 2211 1350 2303 Ecclefiae

134 2334 156 2382 a
185 2307 307 2403 Clarislo
331 2312 529 2380 mutabatur.
581 2310 670 2380 Huic
697 2311 796 2380 etiam
818 2311 926 2380 clares
950 2312 1142 2398 traduntur,
1168 2306 1260 2402 staur
1284 2311 1351 2383 Pe·

133 2421 184 2476 tro
207 2430 227 2476 a
251 2405 388 2473 Domina
411 2405 518 2474 clares
543 2405 635 2493 regui
666 2404 818 2476 coeloram
843 2406 1073 2492 tradebantur,
1108 2419 1143 2476 ut
1157 2407 1200 2500 se
1217 2408 1351 2500 sanita·

116 2523 199 2572 ¹reor
232 2499 312 2570 coeli
347 2492 406 2588 esse
440 2495 630 2589 cognoscat,
667 2500 701 2568 ia
731 2500 810 2592 quod
841 2498 956 2572 coelunt
989 2497 1169 2591 Eccleſsam
1198 2505 1352 2575 introla-

135 2615 205 2669 cere
236 2595 381 2672 deleat„
415 2592 510 2660 Hune
535 2590 772 2686 Melchisedech
795 2598 827 2665 in
848 2590 951 2686 officio
972 2600 1149 2689 praetulit,
1172 2601 1269 2691 cujus
1284 2595 1350 2692 sa·

28 2741 31 2745 -
134 2691 308 2762 carlutium
333 2689 408 2757 aliis
431 2690 678 2777 incomparabile
700 2689 786 2782 fnit.
834 2691 946 2783 Papae
980 2710 1087 2765 ararem
1112 2689 1255 2787 officium
1281 2692 1349 2785 esi,

134 2783 265 2879 ruffus,
307 2800 337 2857 et
367 2781 477 2852 diviua
510 2780 641 2873 officia,
690 2789 853 2870 ordinare,
895 2808 1030 2858 canones
1051 2806 1108 2878 pro
1136 2806 1276 2881 ternpore
1303 2789 1348 2861 al

135 2880 305 2972 Ecclesae
328 2878 503 2949 utilitatem
528 2882 707 2966 intitulare,
740 2882 1149 2975 Augusiumrausecrare,
1183 2902 1216 2956 et
1236 2886 1348 2979 pallia

135 2978 411 3069 Atcltiepiscopis,
441 2976 612 3070 priuilegia
638 2973 822 3074 Episcopir,
866 2981 916 3049 rel
939 2980 1015 3050 aliis
1039 2977 1216 3072 religiosa,
1246 2980 1348 3068 dare,

134 3088 237 3146 tutam
270 3069 465 3160 Ecclefiam,
508 3087 543 3143 ut
579 3074 743 3165 Christus,
782 3075 972 3166 gubernare.
1039 3076 1156 3168 ltaque
1187 3078 1284 3170 Papa
1313 3082 1349 3148 in

135 3174 203 3246 rice
239 3167 358 3262 Citrisli
389 3164 570 3258 Ecclrfiam
601 3174 705 3259 regit,
749 3167 899 3263 Episcopi
930 3173 964 3239 iu
989 3172 1053 3242 loeo
1076 3170 1350 3266 Apostolorumei

131 3261 297 3361 praesunt.
358 3262 547 3357 Presbyteri
569 3263 783 3357 septuaginta
821 3265 898 3333 duos
937 3264 1119 3359 Discipulos
1151 3274 1347 3359 exprimunt.

136 3362 267 3451 Reliqui
298 3359 436 3449 rninisirt'
468 3360 632 3430 Diaconos
663 3365 706 3430 ab
739 3358 896 3449 Apostolis
924 3360 1109 3455 eorrslr'tutor
1138 3361 1346 3456 praeferunt.

135 3455 266 3528 Conler
308 3477 443 3550 quoque
479 3459 670 3525 sermonem
712 3456 844 3529 XXIII.
886 3456 921 3527 in
957 3457 1025 3551 Jel.
1059 3459 1141 3531 XV.
1186 3456 1352 3548 aelredi,

135 3551 280 3626 nonnis
310 3548 544 3622 Caliercierrlrs
573 3551 607 3621 in
638 3551 782 3644 cinglio,
816 3554 863 3625 in·
884 3553 970 3624 Bibl.
1005 3554 1058 3625 M.
1092 3555 1229 3627 Parrum
1261 3571 1350 3632 tom.

135 3649 290 3727 extit,
317 3646 373 3734 qui
401 3645 492 3718 inter
516 3647 581 3719 aiio
606 3648 789 3739 anagnifica
811 3649 856 3720 de
880 3648 1032 3722 Ecclesia
1058 3650 1213 3722 Romana
1237 3650 1348 3742 dicit,

125 3743 213 3838 sieut
229 3740 374 3834 surnmur
400 3739 562 3832 Pontifex
583 3765 625 3813 ea·
648 3745 814 3832 lepitana,
842 3760 892 3821 et,
917 3760 953 3813 ut
977 3747 1027 3816 ita
1051 3749 1176 3833 diram,
1199 3746 1350 3820 haeredi·

135 3843 224 3914 turia
258 3833 454 3930 *surcefflone
496 3837 587 3906 Petri
629 3840 749 3908 obtinet
792 3839 1041 3930 principatum,
1083 3846 1132 3913 ira
1172 3859 1349 3917 ceterorum

123 3933 350 4029 Aposiolonrnt
367 3930 503 4021 poteslas
527 3933 560 4000 iu
585 3931 772 4002 Cerolirralcs
797 3932 918 4023 consita
937 3933 1004 4025 ese,
1021 3934 1205 4031 tranrsusa.
1253 3940 1349 4015 Haec

132 4040 177 4132 es
202 4027 348 4122 lictslesia
370 4026 541 4118 Rotrrnna,
589 4029 642 4100 cui
674 4035 727 4120 pur
763 4051 822 4100 raon
849 4036 1060 4107 aomuruaicut
1082 4032 1348 4197 lraeruticusuell.

1187 4168 1191 4173 ·
1250 4130 1355 4207 liur
