3022 4806
653 603 760 681 occul.
787 606 886 685 XVI.
1042 653 1046 668 ·
1302 624 1371 714 663

154 784 264 870 1588.
291 782 457 856 Ceterum
482 779 517 856 ei
544 781 683 858 subsunt
706 803 851 884 quatuor
873 782 1081 881 insigniores
1108 789 1363 885 Metropolita-

151 897 214 966 nr,
245 898 284 953 et
320 884 404 952 otiu
435 879 718 976 Archiepiscopi.
775 885 920 955 Tenent
953 905 1039 955 vero
1069 885 1310 975 uroscopiae,
1344 912 1366 965 a

148 971 288 1048 Lacinia
320 976 419 1049 valde
451 974 573 1067 alieni,
606 976 712 1050 fidem
741 979 980 1066 Graecorum,
1012 999 1050 1050 et
1081 979 1211 1078 reliqua
1247 981 1363 1077 iacta,

144 1065 258 1163 usque
286 1069 331 1144 ad
360 1073 462 1145 libros
493 1071 750 1149 Ecclesiasticus
774 1081 815 1149 ac
842 1072 1100 1159 Homileticor.
1124 1099 1206 1149 curn
1231 1077 1273 1150 iis
1303 1082 1364 1155 lta.

146 1161 236 1237 beot
268 1166 486 1255 communia,
519 1168 611 1264 ipsos
635 1168 803 1244 etiamen
824 1190 922 1264 parte
947 1168 1185 1259 characteres,
1219 1173 1364 1253 Graecia

145 1259 278 1356 quippe
307 1263 459 1353 adfines,
492 1285 533 1338 ac
564 1266 778 1339 Sclauonitis
812 1284 1006 1359 corruptos.
1062 1267 1205 1363 Regnat
1239 1289 1359 1345 autern

93 1426 103 1444 ,
144 1353 240 1430 inter
261 1379 323 1434 cot
347 1360 476 1433 summa
501 1360 721 1454 ignorantia,
746 1383 885 1434 morum
911 1359 1112 1456 corruptio,
1138 1384 1175 1435 et
1199 1352 1362 1459 supersti'·

146 1450 279 1539 ti0‚.a
311 1453 457 1528 Graecia
486 1454 523 1528 in
557 1455 679 1551 primis
710 1476 863 1550 recepta.
914 1455 1005 1529 Sunt
1029 1476 1144 1530 autem
1171 1461 1255 1532 mira
1281 1463 1364 1537 teliu

143 1545 254 1643 gione
280 1548 319 1623 in
344 1552 379 1624 S.
402 1547 590 1625 Nicolaum
618 1554 746 1649 Myrae
768 1554 852 1626 olim
876 1549 1113 1647 Episcopum,
1136 1571 1173 1626 et
1203 1554 1365 1637 Michaea

142 1645 216 1718 lem
241 1643 381 1720 Atcltan
406 1646 518 1720 elum:
545 1646 641 1720 simul
666 1645 877 1722 monasticae
903 1645 1105 1740 disciplinae
1127 1650 1204 1722 lunt
1229 1649 1364 1733 studio,

145 1737 277 1816 finini.
321 1740 353 1814 Ε
428 1742 567 1816 tPauli
592 1742 806 1818 Odorbornii
822 1743 867 1815 de
887 1742 1060 1838 religione
1084 1743 1296 1820 Rullitarum
1321 1772 1362 1823 e·

141 1833 267 1933 gregia
297 1835 442 1934 epistola
466 1836 508 1910 ad
533 1839 740 1935 Chytraeum
766 1843 787 1917 l
812 1861 866 1927 c.‚
902 1856 939 1911 et
963 1838 1217 1913 accuratiorem
1247 1863 1361 1937 nuper

143 1929 311 2006 notitiam
337 1930 513 2006 Ecclesiae
533 1933 756 2008 Rutlrenicae
782 1933 891 2009 dedit.
917 1933 967 2009 cl.
990 1932 1108 2008 Reuff.
1132 1934 1169 2007 in
1196 1933 1360 2032 opusculis

148 2024 353 2123 &tingitis
376 2025 492 2103 fascic.
507 2029 535 2105 Ι.
561 2029 663 2104 Alios
687 2033 820 2125 plures,
846 2029 905 2127 qui
923 2029 1107 2102 haedere
1127 2027 1360 2126 scripserunt,

141 2132 308 2198 recenlet
339 2123 516 2198 Fabricius
546 2125 583 2198 in
616 2125 707 2201 Luce
740 2128 891 2200 Salutate·
921 2125 1086 2218 Euangcl.
1119 2146 1195 2220 cap.
1219 2127 1357 2207 XXIII.

139 2218 329 2310 Ceterum,
361 2220 454 2315 quod
479 2219 598 2294 obiter
628 2219 901 2307 observandum,
936 2222 1002 2292 hm
1035 2215 1185 2317 quinque
1208 2220 1361 2296 Patriar·

141 2316 227 2389 chau
261 2312 390 2391 Graeci
415 2337 479 2410 per
505 2317 600 2410 Sigla
623 2316 811 2407 denotant,
847 2337 939 2390 voce
959 2345 1053 2412 uagas
1075 2311 1128 2414 (h.
1158 2337 1189 2391 e.
1213 2328 1363 2414 alpuni

146 2407 278 2510 cupita)
310 2433 356 2486 ex
393 2410 546 2578 puinque
578 2411 705 2486 litteris
724 2411 936 2502 initialibus,
963 2415 1087 2510 quibus
1113 2409 1248 2487 Graece
1272 2418 1359 2492 scri·

145 2507 298 2596 buntur,
329 2507 453 2596 cro„
484 2507 763 2600 Alexandrinus,
795 2509 1006 2600 Ruthenur,
1031 2507 1294 2597 Antiochenus,
1319 2532 1364 2588 et

143 2600 453 2698 lerosolymitanur
511 2602 616 2676 Unde
642 2601 854 2678 Graecorum
877 2621 975 2678 natus
998 2601 1047 2676 est
1072 2601 1180 2690 lusus,
1205 2602 1355 2685 Romano

142 2697 274 2775 nullum
298 2698 415 2791 locum
433 2692 503 2768 elle
524 2696 560 2771 in
587 2730 696 2797 rugus
709 2704 871 2796 capitibus
888 2697 1136 2787 Ecclesrarum,
1160 2719 1364 2791 quatenue,·.

139 2793 412 2964 goesteapunstlge,
444 2812 538 2962 nurstc
565 2797 685 2964 lpcum
715 2796 849 2893 ceperit
872 2795 1077 2882 Ruthenua,
1110 2789 1170 2890 qui
1196 2792 1366 2873 Romani.

264 2911 332 2964 otu
411 2910 469 2961 um
508 2913 529 2962 u
593 2911 639 2964 et.

188 2984 222 3086 ᾗ.
241 2982 378 3061 ‘DCXL
404 2912 622 3059 patriariiae
638 2986 675 3059 in
693 2982 868 3080 principio
884 2980 1013 3071 libere,
1039 2978 1224 3055 secundum
1245 3005 1356 3061 moret

140 3081 361 3158 Graecorum
388 3077 509 3164 electi,
535 3079 658 3176 postea
680 3079 850 3153 redimere
875 3076 964 3173 quast
990 3079 1185 3150 debuerunt
1203 3078 1368 3167 Patriar·⁸

141 3177 306 3267 citatum,
334 3195 408 3251 tum
433 3175 641 3269 honorario,
667 3194 740 3248 turn
764 3175 913 3261 tributo,
941 3174 1032 3267 quod
1052 3172 1131 3246 dein
1149 3174 1255 3247 etiam
1273 3198 1371 3255 auc·.

137 3290 215 3348 tum
237 3270 301 3349 est.
351 3273 504 3361 Munus,
536 3275 630 3370 quod
658 3294 769 3356 novus
794 3270 987 3344 Patriarclra
1010 3269 1069 3342 dat
1101 3270 1263 3355 Solane,
1293 3273 1353 3349 ad·

141 3366 1170 3548 allidimurlllllnilll”lllnlllll
1185 3367 1371 3540 ‘nillil'

139 3582 239 3653 rum,
271 3561 353 3636 dein
385 3561 447 3634 sub
469 3559 680 3655 solymanno
704 3582 734 3632 a.
764 3581 891 3651 1557„
923 3552 1052 3640 sudium
1078 3577 1175 3648 3000
1199 3548 1371 3633 Ducam-³

136 3678 238 3747 rum,
263 3655 350 3731 licut
373 3657 544 3731 tributum
571 3679 601 3731 a.
630 3677 736 3745 1522.
761 3654 811 3726 est
836 3651 971 3725 aunum
1000 3651 1041 3725 ad
1067 3675 1185 3740 4000,
1211 3676 1248 3727 et
1271 3653 1352 3730 dein

136 3776 251 3845 4¹00·
276 3754 380 3851 Cujur
406 3753 580 3848 utriusque
602 3753 746 3829 anlastab
775 3749 855 3845 iplis
880 3747 1045 3836 Graecis,
1070 3749 1115 3821 de
1141 3750 1369 3824 Patriarclra··

139 3867 182 3923 tu
207 3848 519 3936 contendentibus,
545 3866 581 3920 et
604 3847 678 3923 aliis
701 3846 785 3919 alios
802 3842 1086 3932 extrudentibus,
1111 3842 1162 3952 est
1186 3865 1374 3938 repetem-

135 3944 195 4021 da.
218 3941 303 4018 vir.
328 3945 546 4019 Tourneforu
568 3942 606 4018 in
626 3943 754 4017 itiner.
777 3945 868 4036 apud
885 3940 1043 4039 Lamium
1061 3941 1082 4013 l.
1103 3957 1162 4012 crt.
1185 3962 1218 4015 n.
1240 3963 1349 4034 1740.

135 4041 193 4134 Ut
224 4035 528 4121 enimambitioni
557 4039 636 4116 suae
660 4042 820 4128 litarent,
853 4056 891 4114 et
914 4055 1080 4134 votorum
1101 4036 1229 4113 fierent
1254 4059 1377 4127 cotue,

294 4172 298 4181 ⁴
636 4137 812 4225 00004
1227 4150 1353 4232 poter,
