3022 4806
121 601 204 673 aar
513 506 958 660 anianaemerito.

133 750 360 854 paedagogus
382 740 419 815 in
444 737 633 835 Gymnasro
659 736 968 835 Heidelbergenli,
994 736 1082 813 acria
1106 732 1167 829 ille
1183 731 1352 832 ignon'n'·

139 851 210 925 tiae
241 865 278 915 et
306 839 523 933 arrogantiae
549 834 809 907 Monachorum
833 834 1041 931 castigator,
1066 857 1096 909 a.
1127 840 1237 921 1528.
1265 852 1352 903 rnor-

143 966 245 1029 tuus,
285 940 441 1034 epitomen
471 930 571 1003 dedit
604 931 867 1025 luperatorum,
893 951 930 1003 et
964 950 1082 1003 rerum
1105 930 1145 1002 in
1168 922 1351 1001 Germania

142 1036 339 1137 gestarum,
372 1030 466 1101 inter
502 1025 690 1119 scriptores
721 1026 887 1099 German.
924 1026 1105 1115 schardii,
1136 1042 1180 1096 et
1213 1023 1350 1097 Germa·

144 1136 223 1210 niae
256 1124 409 1201 nationis
439 1126 635 1218 gravamina
661 1140 783 1194 contra
807 1122 922 1194 sedem
946 1140 983 1195 et
1003 1120 1139 1193 curiam
1160 1120 1347 1191 Romanam

137 1221 355 1321 composuit,
380 1225 469 1311 apud
498 1218 686 1288 l'reherum
705 1216 831 1312 Script.
850 1217 1016 1292 German.
1034 1214 1210 1308 Justonrrer
1231 1210 1349 1285 Trichr-

137 1328 251 1408 mins,
278 1314 468 1389 utilissimos
495 1311 664 1403 scriptor,
715 1311 749 1383 ui
769 1315 918 1384 seculum
943 1314 1037 1387 suum
1055 1311 1199 1404 egregie
1215 1306 1348 1381 illustra·

147 1418 223 1501 vir,
249 1431 379 1485 nornen
406 1408 512 1480 traxit
539 1428 557 1476 a
585 1406 674 1479 Villa
738 1406 962 1495 rittenheim,
987 1408 1024 1479 in
1047 1405 1202 1480 dioecesi
1231 1402 1350 1477 Treri·

143 1508 252 1595 renli,
278 1507 320 1579 ad
338 1504 519 1577 Mosellam
536 1500 704 1590 fluvium,
720 1500 857 1598 fuitque
872 1501 1137 1587 Benedictims,
1155 1520 1194 1575 et
1207 1501 1348 1595 primun

145 1606 266 1683 Abbaa
294 1596 579 1695 spanhemensis,
612 1597 781 1671 dioecesis
805 1598 1037 1694 Mogontiae,
1070 1595 1157 1669 dein
1182 1594 1348 1689 Herblpo·

147 1698 274 1785 lensia,
315 1695 433 1791 priore
469 1690 677 1766 monasterio
713 1712 858 1788 propter
889 1690 1154 1766 Monachorum
1189 1688 1349 1765 taurona

144 1792 337 1877 dereltto,
373 1808 526 1861 tnottuua
558 1810 588 1861 a.
630 1812 644 1860 r
651 1808 734 1876 519·
786 1789 854 1861 Vir
886 1786 955 1860 suit
987 1785 1289 1874 laboriosrffinrua,
1317 1798 1350 1859 el

148 1884 418 1969 celeberrimus,
453 1884 494 1955 ad
530 1904 635 1971 quern
670 1882 890 1979 undiquaque
923 1882 1199 1972 confluxerunt,
1239 1880 1351 1993 quiin

147 1982 360 2063 monasterio
392 1976 651 2072 Spanheimensr
685 1978 970 2051 inllrunnhrmm
1000 1998 1142 2072 quoque
1167 1978 1353 2057 erenrtlli·

151 2082 387 2165 bliothecam,
414 2097 451 2148 et
474 2073 546 2169 ipse
569 2074 750 2169 ingentem
777 2073 945 2146 librorum
968 2072 1179 2167 conscripsit
1200 2070 1351 2167 copiam,

150 2199 297 2276 quorum
332 2172 416 2246 alioa
441 2170 601 2266 collegit,
634 2190 670 2241 et
701 2169 835 2258 edidit,
860 2168 1049 2256 Freherus,
1074 2168 1213 2242 duobus
1237 2169 1275 2241 ia
1297 2166 1352 2241 fol

148 2268 412 2355 voluminibus,
445 2267 528 2337 alios
559 2265 732 2359 Johannes
761 2267 908 2336 Busaeua
934 2264 968 2335 in
1003 2262 1063 2337 fol.
1101 2282 1141 2337 et
1175 2262 1268 2338 oeni
1301 2259 1353 2336 sed

149 2369 186 2442 hi
219 2367 294 2436 sunt
327 2362 474 2431 maxime
505 2358 707 2430 devotionis
742 2356 849 2446 libri,
893 2359 1129 2431 Frcherianae
1168 2379 1254 2431 vero
1286 2358 1354 2429 col·

145 2459 288 2536 larionis
321 2453 398 2525 sont
432 2450 605 2522 historici:
648 2474 794 2545 quorum
829 2454 1036 2549 praecipuos
1063 2454 1269 2528 recensuisse
1290 2446 1352 2524 sus·

147 2550 285 2637 fecerit.
352 2549 465 2628 Sunt,
509 2546 686 2637 Carasogur
727 2549 920 2640 scriptorum
971 2548 1293 2644 Ecclestastich,
1333 2566 1354 2619 a

148 2643 313 2725 Fabricio
346 2641 382 2714 in
410 2640 611 2714 Bibliotheca
638 2642 856 2735 Scriptorum
882 2648 1037 2727 recusus,
1072 2648 1158 2717 dein
1184 2640 1357 2741 illustrium

150 2748 309 2821 virorum
328 2737 559 2824 Germaniae,
585 2739 628 2808 de
646 2738 730 2808 viris
753 2737 940 2810 illustribus
957 2741 1195 2829 Benadillinir,
1221 2737 1357 2815 Critoni·

151 2868 195 2919 ca
220 2833 472 2914 coenobiorum
500 2830 771 2928 Hirsaugiensrs,
796 2833 1095 2925 spanheimensis,
1121 2856 1160 2906 et
1185 2836 1357 2929 Heruipe

153 2937 275 3021 lensia,
300 2930 448 3024 denique
474 2926 653 3021 Epistolae
678 2950 746 3004 etc.
803 2928 981 3002 Famosum
1007 2954 1093 3002 vero
1116 2929 1167 3000 est
1189 2933 1359 3027 ejusupnt

151 3028 474 3124 Steganogrophior,
503 3023 561 3096 seu
585 3025 626 3095 de
652 3023 788 3098 ratione
813 3027 949 3098 occulte
974 3024 1167 3114 scribendi,
1189 3030 1290 3123 quod
1306 3046 1359 3097 ua·

151 3128 204 3203 ria
235 3123 340 3195 subiit
370 3118 520 3213 judicia,
546 3118 627 3190 dum
651 3117 725 3203 alii,
750 3139 786 3189 ut
809 3121 944 3211 magiae
969 3124 1105 3212 plenum
1116 3128 1134 3207 ,'
1161 3122 1246 3196 illud
1269 3122 1359 3195 dana

151 3237 261 3306 nent,
285 3214 342 3288 alii
368 3213 567 3288 defendant.
617 3215 788 3308 Johonner
812 3219 1018 3303 hirrralerur,
1042 3218 1124 3289 aliae
1152 3218 1357 3314 Vorganium

153 3318 282 3411 (Vergr
303 3311 419 3397 eninr,
445 3312 499 3381 vel
515 3308 620 3403 farge
636 3308 685 3382 est
705 3312 887 3384 Germanis
906 3312 1027 3398 naara,
1053 3334 1071 3380 a
1095 3320 1208 3385 verho
1224 3313 1355 3408 sarira,

150 3414 210 3490 sau
224 3405 370 3503 fabren)
404 3406 529 3477 nobilis
552 3408 703 3493 Suevos,
738 3408 830 3501 Juris
856 3409 1020 3480 Canonici
1048 3407 1241 3499 Professor,
1276 3414 1361 3485 Can*

150 3507 312 3584 cellarius
345 3522 384 3575 et
409 3500 542 3574 Reum
569 3501 779 3575 Academiae
808 3502 1058 3597 Tubingensrs,
1093 3504 1240 3577 aDuce
1260 3505 1358 3580 wir·

151 3599 373 3687 rembergico
403 3595 618 3684 Eberhardo,
655 3598 751 3690 cujua
781 3597 1029 3671 adolescentiae
1061 3597 1269 3692 dirigendae
1296 3598 1359 3673 suit

153 3684 385 3801 praepositus,
420 3690 554 3760 erenae
583 3713 612 3762 a.
644 3714 769 3783 1477.,
805 3715 885 3764 curn
912 3694 1053 3786 publico
1086 3692 1356 3771 communicem

158 3791 329 3871 Chronicon
363 3784 552 3874 Universale
586 3787 628 3856 ab
665 3790 708 3859 0.
745 3788 783 3860 C.
816 3790 914 3860 ada.
949 3788 1356 3883 ¹500·‚Plim11mT⁰·

153 3894 278 3989 bingae
295 3881 521 3985 publicatum,
544 3878 626 3952 dein
643 3902 659 3949 a
676 3883 953 3956 Melanchthone
965 3886 1129 3974 ,audium
1146 3909 1186 3961 et-
1202 3912 1280 3963 cum
1296 3886 1357 3959 Ba·

152 3988 247 4084 (elii,
272 3974 436 4060 monachi
457 3974 734 4072 Hrrlaugiensrs,
757 3980 954 4078 adpendice
978 3984 1023 4059 ad
1048 4002 1082 4055 a.
1110 4004 1240 4080 1514„
1265 3974 1363 4153 &capp
