3022 4806
641 595 886 676 StruisXVIr
952 635 981 653 ··
1007 564 1009 570 Ι
1298 613 1370 713 353

136 790 239 863 rum,
264 789 302 848 et
321 773 557 850 concionator
582 775 830 875 Apostolicus,
854 791 1014 850 mortuus
1036 794 1065 851 a
1089 789 1220 872 1541„
1245 783 1377 859 nonii·¹

134 869 199 943 riis
228 869 347 946 nasius
379 868 430 944 est
465 873 708 949 celebritatem
739 898 812 951 uon
845 890 981 947 tantum
1013 894 1077 968 per
1101 874 1208 949 trium
1231 875 1362 972 lingua·

137 985 240 1055 rum,
257 965 418 1066 inprimis
427 967 637 1059 Hebraeae,
653 987 688 1042 et
704 966 1100 1065 Ciialdaicae.peritiam
1111 1025 1122 1062 ,
1132 973 1189 1046 led
1200 992 1255 1062 et,
1265 973 1359 1070 quod

137 1062 295 1160 primur,
333 1061 413 1161 post
450 1064 729 1165 Hieronymum,
772 1082 879 1142 totam
912 1062 1057 1138 verterit
1088 1064 1304 1162 scripturam
1335 1092 1358 1142 e

138 1157 270 1254 linguis
300 1159 526 1256 originalibus
561 1161 599 1236 iri
637 1163 815 1252 Latinam,
857 1161 986 1235 sumtus
1025 1159 1288 1257 suppeditante,
1321 1183 1359 1239 et

141 1277 296 1331 animum
320 1262 492 1350 addente,
518 1259 642 1330 Leone
658 1257 704 1333 X.
730 1259 833 1354 Papa.
885 1256 998 1359 Quam
1023 1259 1217 1332 versionem
1242 1259 1356 1356 spatio

142 1350 274 1447 viginti
308 1351 459 1448 quinque
498 1375 667 1428 annorum
699 1353 848 1429 absolvit
873 1375 903 1428 a.
932 1359 1038 1443 1518.
1071 1355 1261 1450 Epistulam
1292 1357 1355 1428 de·

140 1449 346 1520 arcaturiam
371 1449 545 1522 Clementi
571 1451 658 1539 VL,
684 1451 810 1548 ubique
833 1471 905 1523 nori
930 1450 1091 1536 obviarn,
1117 1451 1259 1524 exhibet
1275 1450 1358 1524 Ho·

139 1549 190 1643 dy
216 1564 300 1617 text.
326 1544 438 1616 Hebr.
465 1563 500 1616 er
527 1546 675 1620 version.
699 1573 735 1643 p.
761 1549 805 1620 ll.
831 1545 853 1620 l.
881 1568 913 1640 3.
954 1542 1102 1617 Addidit
1126 1546 1230 1621 etiam
1256 1569 1357 1622 notar

138 1642 368 1734 marginales,
393 1662 481 1733 quae
507 1643 685 1716 censuram
709 1666 780 1716 non
807 1647 1000 1735 potuerunt
1019 1638 1190 1738 effugere.
1243 1643 1353 1716 Vitio

134 1756 259 1812 autem
283 1733 316 1808 ci
340 1733 469 1823 merito
492 1738 658 1826 vertitur,
684 1736 776 1835 quod
804 1735 921 1812 verbis
944 1733 1093 1808 nimium
1116 1736 1355 1826 adhaerescat,

136 1857 181 1907 et
206 1832 348 1904 obscura
370 1842 412 1902 a'c
437 1832 577 1905 barbara
599 1832 642 1906 sit
667 1834 799 1908 versio:
826 1855 926 1927 quam
952 1830 1104 1903 Rabbini
1128 1851 1243 1904 tamen
1260 1856 1357 1928 mag·

137 1933 180 2004 ni
205 1926 347 2001 faciunt.
399 1927 632 2003 Concinnavit
655 1931 781 2018 etiarn,
814 1947 952 2021 praeter
978 1927 1248 2002 Grammaticam
1276 1927 1356 2002 Hes

138 2029 283 2102 braeam
307 2044 397 2109 ete,
423 2020 604 2114 tliesanrnin
628 2025 764 2122 linguae
791 2023 996 2110 Hebraeae,
1022 2022 1105 2096 deiri
1131 2022 1290 2111 audium,
1315 2037 1355 2095 et

139 2123 249 2216 longe
283 2120 463 2190 meliorem
495 2118 643 2203 fabium,
674 2144 694 2195 a
726 2120 889 2216 Joliaune
917 2119 1107 2204 Mercero,
1134 2136 1170 2190 et
1194 2118 1355 2192 Antonio

138 2213 351 2290 Cevallerio.
399 2213 504 2308 Juxta
537 2215 684 2314 Pugnini
717 2213 910 2290 versionem
946 2216 1233 2288 commentarium
1256 2213 1359 2289 dedit
1404 2221 1419 2232 '

140 2315 359 2407 Hieronymus
385 2308 536 2404 oleaster
559 2312 596 2386 in
618 2310 913 2400 Pentateuchum,
940 2327 977 2381 et
992 2305 1160 2404 Jesaiam,
1185 2332 1265 2385 cum
1285 2311 1359 2383 clu·

142 2407 377 2484 cidationibus
406 2407 604 2483 moralibus.
654 2407 738 2480 Fuit
766 2403 972 2492 Lusitanus,
1007 2402 1151 2478 Ordinis
1173 2405 1358 2482 Praedica-

141 2523 280 2590 torum,
303 2523 339 2575 et
355 2497 542 2596 lnquifitor
557 2504 601 2576 Ol
629 2500 860 2598 sipponensis,
883 2500 1073 2575 membrum
1091 2523 1228 2600 quoque
1243 2503 1358 2599 Syno-

140 2603 180 2675 di
207 2596 454 2686 Tridentinae,
485 2528 670 2673 defungius
695 2621 725 2671 a.
756 2604 863 2691 1563.
898 2598 967 2671 Sed
993 2598 1085 2669 haud
1110 2598 1271 2672 infimum
1296 2599 1353 2672 in·

139 2715 199 2770 aer
229 2712 524 2766 commentatores
554 2691 934 2769 &molito-Romanos
964 2710 1118 2764 meretur
1147 2693 1262 2766 locum
1288 2693 1356 2784 Jo-

137 2796 264 2869 irunnts
295 2789 414 2878 Feras,
439 2788 654 2879 Germanus,
679 2791 824 2862 Ordinis
855 2789 1061 2873 Minorum,
1088 2788 1146 2880 qui
1178 2785 1216 2860 in
1248 2788 1355 2881 longe

139 2890 329 2964 maximam
367 2883 570 2981 Scripturae
601 2905 735 2982 partem
766 2900 1022 2955 commentatus
1050 2877 1121 2971 est,
1152 2897 1191 2953 et
1223 2882 1355 2981 ubique

141 2981 280 3060 consuli
298 2999 461 3055 meretur.
509 2979 665 3053 Serestus
687 2976 738 3054 est
763 2977 892 3052 sensum
917 2974 1120 3063 litteralem,
1145 2974 1202 3049 sed
1221 2975 1353 3052 discur-

143 3082 208 3157 sus*
223 3078 380 3173 adjunxit
404 3075 611 3148 dudirinales
634 3095 671 3149 et
697 3077 859 3149 morales:
884 3070 972 3147 obiit
996 3094 1027 3145 a.
1055 3093 1163 3163 1554.
1188 3072 1274 3150 Nec
1296 3075 1356 3152 hic
1470 3131 1472 3135 ψ

141 3174 320 3252 censuram
358 3173 515 3266 Papalem
558 3172 692 3244 evitare
722 3170 846 3267 potuit.
896 3167 981 3266 Joh.
1014 3165 1082 3243 Vl.
1116 3189 1172 3242 ex.
1204 3188 1280 3262 gr.,
1310 3175 1357 3251 de

141 3266 413 3348 manducatione
447 3267 625 3358 Spiritiiaii
655 3265 927 3363 interpretatur,
959 3281 998 3338 et
1030 3262 1140 3339 Matr.
1174 3264 1280 3342 XVI.
1311 3272 1360 3347 de

139 3367 297 3446 clavibus
319 3362 408 3437 datis
431 3362 606 3437 Ecclesiae
630 3363 668 3437 iii
692 3363 838 3473 persona
863 3356 973 3437 Petri.
996 3376 1065 3436 etc.

196 3463 228 3563 s.
254 3461 617 3549 lix111.1niereos,
650 3483 706 3555 qui
733 3461 904 3556 vulgatam
931 3453 1127 3530 versionem
1151 3454 1194 3531 ad
1219 3472 1358 3542 textum

143 3560 349 3640 Hebraeum
375 3555 492 3629 conati
516 3555 594 3629 sunt
616 3555 823 3640 emendare,
847 3552 997 3651 primum
1022 3550 1146 3625 ordine
1170 3552 1287 3631 locum
1306 3579 1359 3634 te·

144 3676 210 3736 net
243 3653 385 3738 lssdornr
414 3651 543 3724 clariis
574 3651 772 3741 brixiensis,
804 3650 1001 3745 Episcopus
1025 3649 1190 3740 Fulginas
1212 3656 1250 3724 in
1268 3654 1359 3730 Uins

143 3753 238 3830 bria:
269 3747 394 3823 additis
416 3746 520 3823 etiarn
547 3748 660 3838 notis,
685 3746 808 3822 sederi
832 3745 1020 3821 Munstero
1044 3742 1229 3835 desumtis,
1253 3771 1360 3844 quem

143 3850 224 3928 sere
253 3841 443 3943 exscripsit.
495 3844 617 3917 Norae
652 3865 740 3919 vero
775 3842 812 3918 in
844 3841 944 3919 Nov.
974 3839 1073 3917 Test.
1103 3843 1184 3916 sunt
1204 3845 1359 3922 maxime

145 3943 316 4031 morales,
344 3961 381 4015 et
410 3963 454 4016 ex
478 3939 635 4014 Patribus
660 3940 805 4037 petitae.
853 3940 1039 4029 Ceterum,
1063 3956 1144 4011 curn
1167 3935 1205 4013 in
1231 3941 1362 4015 versio·

148 4061 235 4120 uem
259 4041 435 4138 vulgatam
457 4054 600 4132 marium
617 4034 795 4215 criffi'a'pnk
808 4033 995 4133 injiceret,
1018 4052 1150 4114 nomeu
1172 4032 1364 4212 ”aigin

325 4184 334 4197 ι
745 4188 793 4213 ,υ
821 4151 845 4212 2
1308 4153 1369 4217 sce

1389 4236 1467 4532 s
