3022 4806
115 542 203 685 ¹1'28
525 589 674 684 Historia
694 592 825 693 Eccits.
852 592 966 696 sitifi.

123 780 209 880 ipso
232 773 490 864 concionante,
527 771 705 848 foeminae
729 774 924 869 abjecerint
949 791 1132 862 ornatum,
1155 786 1195 845 et
1218 765 1257 845 in
1283 764 1378 868 psoi'

135 899 251 954 ratum
279 873 460 968 eruperint
493 869 679 945 auditores.
733 868 847 969 Quam
877 877 923 946 ob
950 875 1085 947 causam
1112 869 1184 965 ipse
1216 868 1363 965 Episco-

136 998 203 1071 pus
230 965 502 1044 Cenomaneosrt
530 990 611 1038 eum
651 988 769 1059 magor
803 966 921 1057 fecit,
962 969 1106 1042 licentia
1144 987 1289 1060 quoque
1322 965 1362 1037 itt

75 1146 80 1155 ,
132 1071 270 1145 ditione
294 1065 351 1138 sua
381 1060 635 1150 concionandi,
662 1086 746 1136 cum
773 1063 843 1135 iter
860 1065 1008 1137 Romam
1033 1066 1239 1156 susciperet,
1266 1061 1362 1135 data.

134 1165 243 1267 Quod
266 1157 329 1257 ipit
354 1156 471 1232 fatale
493 1154 570 1232 fuit.
612 1158 818 1233 Concitavit
851 1162 949 1233 enim
977 1160 1038 1235 sibi
1068 1162 1110 1232 ab
1140 1178 1183 1227 eo
1216 1176 1363 1250 tempo·

137 1286 178 1336 re
204 1254 373 1332 invidiam
400 1272 438 1326 et
463 1254 583 1327 odium
607 1253 722 1347 Cleri,
745 1275 817 1350 quo
840 1254 922 1329 nihii
948 1250 1193 1329 uehementius
1215 1251 1288 1325 effe
1307 1250 1365 1339 so·¹

136 1359 208 1449 let,
259 1376 279 1424 a
310 1352 412 1444 cujus
442 1349 645 1442 obedientia
682 1353 832 1448 populus
863 1349 1146 1438 abstrahebatur,
1183 1348 1378 1443 nonnullit'

136 1469 275 1549 quoque
309 1468 328 1518 a
361 1446 459 1518 clero
494 1445 657 1521 vexando
689 1469 760 1520 noo
797 1443 1056 1522 abstinentibus.
1114 1443 1196 1543 Quo
1224 1441 1380 1518 fastum

136 1544 207 1633 est,
241 1560 280 1615 ut
305 1541 444 1632 Cieros,
479 1540 516 1615 in
550 1564 655 1615 unum
683 1540 844 1631 coactus,
880 1543 1081 1616 Henricum
1116 1559 1197 1612 cum
1228 1539 1363 1629 sociis,

134 1636 279 1718 absente
304 1636 419 1711 adirtrc
441 1637 640 1734 Episcopo,
674 1639 1058 1731 excommunicaverit,
1082 1655 1121 1708 et
1136 1633 1222 1707 diris
1248 1636 1366 1711 devo·

136 1735 247 1812 verit.
283 1731 478 1829 Episcopus
507 1754 592 1806 vero
617 1730 748 1820 redux,
781 1748 862 1807 cum
887 1736 1056 1828 populum
1087 1727 1165 1807 ase
1185 1729 1365 1807 abaliena-

137 1852 213 1908 tum
245 1826 460 1926 reperisset,
502 1829 590 1900 adeo
621 1843 660 1898 ut
707 1825 989 1902 benedidiionem
1026 1831 1120 1902 suam
1160 1823 1223 1897 res
1242 1825 1363 1921 uerit,

139 1921 338 2006 Henricum
373 1921 485 1997 sertor
516 1918 737 2018 ignorantiae
768 1943 805 1998 et
837 1923 1011 1998 haeresros
1051 1918 1267 2015 comicie,
1299 1924 1363 2000 sed

137 2026 152 2101 i
180 2016 361 2098 notantiae
389 2016 598 2111 specimina,
624 2041 712 2117 quae
729 2018 974 2107 recensentur,
1001 2019 1159 2116 speciant
1181 2017 1289 2094 onice
1315 2020 1368 2095 ad-

137 2047 282 2217 ritem
305 2118 438 2190 sacrum
462 2133 499 2188 et
537 2111 680 2190 misiam.
731 2115 813 2217 Quo
835 2115 995 2188 examine
1020 2115 1134 2202 fatto,
1158 2112 1364 2213 Episcopo·

136 2218 211 2293 iine
239 2215 306 2288 asia
335 2233 449 2306 poena
481 2211 594 2307 jusstt,
629 2230 669 2283 ut
702 2208 878 2286 dioecesrn
910 2212 1002 2286 suam
1032 2212 1213 2304 relinquat.
1264 2212 1368 2287 Haec

139 2312 180 2389 in
206 2309 389 2384 Chronico
423 2303 691 2380 Cenomanensis
721 2306 914 2396 Ecclesiae,
947 2307 984 2381 in
1018 2304 1197 2381 Anaettis
1224 2308 1368 2384 Mathis·⁵

137 2407 211 2491 lon.
248 2402 473 2486 referuntur,
504 2397 623 2472 hostili
662 2400 782 2472 animo
812 2400 963 2498 scripto,
1006 2406 1105 2498 cujus
1136 2419 1174 2473 et
1204 2402 1276 2477 hoc
1307 2400 1362 2479 est

138 2500 332 2589 indicium,
366 2494 459 2590 quod
486 2515 558 2566 non
583 2498 707 2566 rarione
722 2495 786 2591 sed
817 2499 969 2571 viosttttt'o
993 2516 1105 2571 contra
1130 2500 1208 2570 issar
1232 2498 1370 2597 baliias'

138 2599 274 2672 dicotur
307 2585 376 2660 effe
406 2590 591 2685 agendum.
640 2592 718 2685 lpse
749 2595 871 2666 Petrus
904 2594 1136 2670 cluniacensia
1176 2591 1214 2667 in
1251 2594 1373 2706 epist,

140 2693 226 2781 ein,
253 2685 465 2760 moderatior
489 2683 571 2758 iicet
596 2681 657 2775 stt,
694 2690 728 2762 oi
747 2709 875 2763 armata
904 2691 1132 2766 nihilominus
1155 2687 1375 2769 haeretrcot'

139 2788 216 2865 ilios
240 2783 415 2860 exturbari
442 2782 518 2855 vult
535 2802 603 2951 per
626 2784 751 2872 laicos,
784 2784 1091 2879 srptoedicotione,
1123 2808 1226 2885 qoam
1258 2787 1362 2864 adhi-

140 2889 224 2962 bere
267 2879 484 2974 Citriliionom
516 2882 710 2954 ctoritotrm
743 2888 854 2978 magio
883 2887 991 2955 decere
1021 2883 1170 2972 fatetur,
1207 2879 1243 2955 id
1277 2883 1360 2961 fieri

138 2995 301 3087 nequeat.
349 2975 437 3084 Egit
459 2973 623 3083 deinceps
646 2976 763 3051 adhuc
786 2977 1073 3055 concionatorem
1106 2979 1291 3056 Hearicua
1320 2981 1360 3058 in

139 3079 278 3152 dittone
304 3088 342 3145 et
365 3090 496 3141 vtcrnta
521 3070 712 3163 OEoiosana,
753 3073 870 3147 donec
893 3091 1033 3168 captus,
1073 3095 1111 3148 et
1136 3076 1271 3150 catenis
1297 3079 1362 3154 ab·

140 3158 263 3248 duom
285 3167 328 3240 ad
354 3162 579 3257 Aibericum,
603 3169 772 3262 Legatum
799 3167 1063 3265 Apostolicum‚
1085 3190 1126 3244 et
1148 3172 1193 3246 ab
1217 3194 1264 3246 eo
1286 3172 1374 3248 cari

139 3265 216 3345 ceri
258 3279 431 3360 perpetuo
469 3263 702 3354 mancipatus,
755 3265 810 3337 ves
857 3266 996 3339 occulte
1038 3268 1245 3343 interemtut
1293 3269 1360 3350 est.

135 3359 247 3441 ‘Nihil
280 3357 377 3432 enim
408 3355 452 3426 de
481 3356 559 3452 ipso
594 3355 663 3431 fuit
694 3359 736 3435 ab
769 3381 813 3432 eo
847 3378 1005 3457 tempore
1033 3364 1199 3438 auditum.
1268 3365 1362 3445 vid

143 3455 321 3533 Goffriduc
345 3456 383 3527 in
409 3451 484 3525 vita
509 3451 683 3529 Bernardi.

148 3604 152 3611 -
191 3553 223 3650 i·
250 3552 342 3624 CXI.
367 3548 609 3624 Condiderunt
632 3549 671 3625 hi
696 3548 765 3624 viri
790 3551 964 3643 haerefin,
989 3557 1046 3638 vel
1070 3554 1215 3648 sesiam,
1246 3561 1366 3637 Patro·

141 3645 345 3739 maſsonam:
372 3666 459 3812 puae
482 3648 525 3721 ab
551 3668 580 3720 a.
608 3668 715 3739 1119.
740 3652 854 3722 turbat
873 3649 944 3742 jam
970 3652 1090 3746 coepit
1112 3658 1214 3744 dare,
1246 3679 1288 3733 ut
1312 3673 1369 3739 ex·

141 3742 296 3823 concilio
326 3741 382 3811 To
396 3739 500 3812 osauo
525 3739 680 3831 constat,
706 3766 751 3816 eo
783 3764 951 3836 tempore.
975 3749 1171 3835 celebrato,
1229 3753 1367 3832 raesrde

142 3848 232 3938 Papo
257 3833 391 3910 Callisto
416 3835 482 3920 11„
507 3831 544 3906 in
569 3857 639 3930 quo
663 3860 777 3911 canon
801 3837 851 3909 est
874 3859 999 3916 eontra
1023 3846 1124 3941 hujus
1148 3845 1182 3920 se
1220 3869 1262 3921 ae
1291 3853 1365 3927 hoe

141 3944 252 4017 mines
277 3933 454 4017 conditus,
495 3928 550 4004 his
580 3932 717 4006 verbis:
759 3938 813 4024 qui
842 3936 1005 4031 religionis
1026 3940 1171 4033 speciem
1194 3940 1366 4033 stmulan·

147 4056 201 4127 tes
224 4032 373 4111 dominici
396 4032 534 4133 corporis
557 4043 590 4102 tt
611 4028 792 4128 sangoinis
804 4027 1078 4129 sacromentum,
1108 4041 1273 4135 baptisma
1294 4065 1364 4137 pu.

148 4184 151 4191 ·
775 4178 804 4197 ··
1238 4158 1365 4217 trorum
