3022 4806
128 618 172 672 ro
508 594 654 695 Historia
677 598 804 704 Eccles.
830 600 949 702 Cirist.

127 771 342 874 substantie3
375 794 544 874 quatenus
574 785 597 858 S
624 782 726 861 irirus
757 788 824 879 S.,
892 780 928 858 ui
964 779 1120 882 respectu
1157 773 1352 880 proprieta-

143 874 213 962 tis,
252 895 318 984 qua
347 874 459 983 Petris
488 896 525 949 et
557 810 638 969 lidii
669 887 817 958 charitas
846 809 925 969 ed,
967 904 1034 955 nec
1067 877 1117 952 est
1150 874 1352 983 potentiae,

141 991 207 1046 nec
239 969 446 1067 sapientiae,
487 995 585 1067 pars,
626 977 752 1053 ree'tiur
780 983 964 1078 procedere,
1006 998 1107 1074 quam
1138 977 1234 1070 gigni
1258 968 1351 1059 dict,

142 1088 224 1141 cum
251 1065 419 1161 procedere
451 1065 613 1163 denotet,
650 1074 769 1148 Deum
800 1077 833 1148 se
865 1097 929 1172 per
960 1073 1165 1146 charitatem
1194 1069 1236 1141 ad
1269 1065 1352 1138 alte·

144 1162 452 1238 tumentendere.
502 1166 606 1241 Unde
636 1166 717 1260 est,
784 1170 853 1244 uod
893 1175 930 1243 in
966 1166 1181 1242 consessione
1223 1179 1350 1256 neget,

143 1261 179 1336 se
218 1279 256 1330 ea
296 1261 429 1367 verba,
489 1260 622 1337 scilicet
668 1287 713 1338 eo
752 1194 879 1356 sensu,
929 1264 1119 1358 protulisse.
1186 1262 1352 1366 Constant

144 1356 234 1432 haec
266 1374 309 1426 ex
348 1355 443 1427 libris
482 1357 555 1450 ejus
595 1359 640 1433 de
685 1359 868 1456 slteologin.
918 1383 951 1456 3.
990 1361 1045 1434 Ex
1086 1356 1206 1455 quibus
1243 1375 1353 1460 ettam

146 1449 331 1536 elucescit,
365 1450 476 1545 ipsum
507 1453 677 1549 Spiritum
703 1460 739 1531 S.
777 1453 901 1532 dixiffe
943 1459 1086 1527 anienem
1125 1454 1252 1540 mandi,
1292 1471 1351 1544 qut

143 1550 259 1622 tertiat
284 1544 351 1618 suit
374 1568 489 1639 error,
524 1571 692 1646 quatenus
715 1575 776 1644 ea,
808 1571 897 1650 quae
926 1549 1127 1648 Philosophi
1159 1550 1204 1623 de
1238 1544 1354 1619 anima

145 1641 270 1719 muudi
300 1641 481 1733 dixerant,
522 1646 565 1719 ad
595 1646 767 1743 Spiritum
799 1651 834 1724 S.
865 1646 1043 1722 catholico
1076 1646 1173 1720 sensu
1206 1639 1353 1718 transtu·

146 1737 253 1826 lerit,
287 1753 446 1906 1³3¹th
480 1738 611 1814 causam
641 1741 738 1817 vitae
780 1762 817 1817 et
854 1740 1144 1818 sanctificationis.
1198 1762 1235 1830 4,
1272 1735 1358 1811 Nec

141 1855 299 1912 mentem
316 1856 354 1928 tp
382 1858 419 1908 us
436 1834 592 1911 adsecuti
609 1834 706 1928 sunt,
733 1837 815 1914 dunt
840 1837 903 1936 ipsi
919 1838 1149 1935 inpegerunt,
1177 1832 1354 1910 Christum

143 1928 347 2030 &ribemot
375 1951 446 2004 nou
479 1929 549 2004 elle
581 1933 723 2009 tertiam
754 1929 934 2032 personam
972 1934 1008 2006 in
1048 1933 1257 2021 Trinitate,
1296 1926 1356 2001 seu

144 2033 263 2111 Deum
287 2023 430 2124 proprie
452 2024 630 2103 homiuem
653 2052 727 2105 uon
752 2029 824 2110 elle
845 2027 1050 2119 dicendum,
1072 2031 1166 2127 quod
1190 2023 1353 2102 Nestori·

145 2125 317 2207 anismrnn
342 2121 500 2198 redolere
526 2123 749 2202 censebatur:
780 2124 856 2225 ipse
879 2123 974 2199 enim
996 2125 1035 2200 iu
1060 2122 1201 2200 Christo
1225 2122 1353 2195 diserte

145 2222 295 2321 agnovit
317 2241 420 2294 unam
447 2217 629 2315 personam
652 2242 690 2294 et
721 2223 805 2297 duas
834 2240 993 2310 naturas;
1027 2239 1180 2310 tentum,
1214 2237 1351 2291 natura-

143 2342 223 2398 rum
257 2314 532 2412 permixtionem
565 2335 604 2390 ut
633 2315 785 2405 vitaret,
822 2314 991 2406 adseruit,
1031 2317 1147 2390 Deum
1180 2335 1253 2387 nou
1284 2309 1356 2385 elie

144 2420 289 2516 proprie
313 2408 518 2496 nominent
549 2428 589 2483 ut
614 2433 660 2483 ex
685 2410 808 2484 iisdem
833 2432 930 2507 patet
951 2411 1074 2488 libris..
1105 2435 1140 2502 5.
1167 2409 1261 2513 Quid
1290 2431 1353 2480 ve·

143 2514 178 2590 ri
202 2510 332 2605 quiritur
357 2525 455 2577 error
480 2504 625 2595 lrabeat,
650 2504 823 2603 Christum
841 2507 876 2581 in
891 2530 1029 2581 carnem
1046 2507 1197 2598 venisse,
1223 2524 1261 2579 et
1283 2503 1357 2599 pas·

145 2611 220 2686 sum
234 2602 326 2692 else,
350 2617 482 2673 tantum
501 2599 542 2673 ad
560 2597 712 2677 nostram
730 2607 842 2679 verbo
856 2623 893 2678 et
902 2604 1066 2699 exemplo
1079 2599 1354 2690 iustitutionem,

148 2725 189 2780 et
217 2721 256 2774 ut
280 2720 344 2796 per
367 2693 572 2769 charitatem
597 2697 669 2770 Dei
695 2722 777 2793 erga
800 2721 883 2790 noa,
915 2701 952 2775 in
978 2698 1057 2774 Filii
1092 2701 1248 2776 missione
1278 2697 1352 2770 elu-

147 2818 309 2886 centem,
334 2791 375 2867 dd
399 2793 473 2889 ejus
490 2813 645 2867 amorem
661 2795 947 2887 accenderemur,
971 2797 1032 2870 vix
1056 2796 1198 2871 definiri
1222 2791 1351 2889 potest.

146 2895 285 3064 Utirspue
320 2889 439 2964 similia
470 2887 613 2986 quidem
644 2887 801 2986 prostant
830 2889 866 2964 in
908 2893 1163 2967 commentario
1199 2892 1275 2987 ejus
1313 2886 1353 2962 iu

143 2991 216 3089 Epi
250 3045 258 3064 .
284 2986 327 3060 ad
359 2983 556 3074 Romanor,
589 2984 649 3060 sed
680 2987 800 3082 praeci
830 3011 874 3060 ue
905 2987 1057 3061 intendit
1092 2986 1350 3075 demonstrare,

145 3110 214 3166 not
236 3107 280 3159 er
304 3079 479 3176 potestate
503 3082 648 3159 Diaboli
671 3104 743 3155 non
765 3106 786 3156 e
815 3104 876 3156 ea
900 3082 1041 3157 Christo
1063 3083 1260 3171 redemtos,
1284 3081 1352 3156 acsi

144 3185 179 3261 it
213 3182 251 3257 in
283 3198 348 3251 nos
379 3177 421 3251 ali
447 3176 506 3251 uid
542 3177 633 3272 juria
661 3176 812 3269 hebeat3
850 3197 888 3251 et
927 3179 966 3252 in
998 3179 1211 3255 consessione
1241 3176 1351 3267 dicit,

142 3278 271 3356 Filium
306 3271 378 3346 Dei
410 3294 430 3344 e
460 3297 480 3346 e
511 3271 749 3365 incarnatum,
792 3292 832 3348 ut
857 3297 960 3349 nura
993 3275 1164 3350 servitute
1187 3274 1349 3372 peccati,

142 3395 185 3454 et
207 3376 301 3475 jugo
323 3367 488 3459 Diaboli,
510 3367 698 3458 liberaret,
731 3390 769 3444 et
793 3371 972 3466 supremae
987 3369 1121 3446 aditum
1139 3371 1233 3447 vitae
1257 3394 1352 3443 mor·

143 3495 184 3554 te
208 3470 274 3544 sua
304 3462 404 3540 nobit
434 3463 616 3541 reseraret.
663 3468 866 3563 Inputaturn
899 3467 1040 3565 quidem
1072 3471 1105 3543 ei
1142 3474 1175 3542 6.
1210 3490 1256 3564 qu
1305 3488 1352 3539 ue

110 3565 217 3657 est,
256 3565 302 3637 ab
329 3560 469 3637 Adamo
495 3582 567 3636 non
600 3561 692 3638 trahi
727 3562 902 3657 originalis
936 3563 1073 3659 peccati
1104 3569 1250 3658 culpem,
1306 3563 1352 3637 ed

140 3675 299 3770 waren:
329 3657 382 3731 uti
404 3656 441 3732 in
466 3677 656 3733 comment.
682 3658 724 3732 ad
756 3659 865 3734 Rom.
901 3661 951 3734 V:
988 3682 1031 3734 rt
1063 3660 1172 3735 dixit:
1206 3681 1352 3750 verum,

138 3769 225 3844 cum
248 3755 285 3831 in
307 3750 392 3832 fidei
413 3753 630 3850 expositione
650 3753 806 3848 adserat,
836 3777 881 3830 ex
911 3753 1052 3831 Adamo
1086 3776 1156 3831 tam
1193 3757 1352 3855 culpam,

141 3877 247 3962 guam
271 3870 446 3948 poenam,
470 3872 536 3930 noa
566 3849 793 3937 contraxisse,
824 3852 904 3948 quia
934 3850 1024 3929 illiue
1053 3871 1241 3951 peccatum
1272 3850 1352 3954 nos·

140 3971 278 4040 trorum
305 3953 529 4042 peccatorum
552 3943 707 4020 omnium
740 3946 845 4042 origo
873 3945 1008 4024 exstitit
1037 3967 1075 4022 et
1105 3947 1222 4039 causa,
1253 3968 1354 4022 mens

140 4054 220 4155 ejici
238 4040 379 4127 videtur
405 4035 534 4138 sitisse,
564 4041 773 4141 priginelem
796 4043 1085 4145 corrupu'onem,
1117 4066 1205 4145 quae
1228 4067 1267 4119 ιιι
1275 4042 1353 4223 bhof

194 4165 198 4169 ’
234 4200 235 4205 ¹
1183 4162 1274 4243 uum
1299 4160 1362 4244 us,
