3022 4806
619 640 725 723 seru.
755 641 843 716 xri.
1283 678 1351 749 151
1483 594 1486 600 ¹

161 833 420 891 net-tenuerunt
453 817 615 891 Veteres.
673 817 740 890 Sed
773 816 1009 893 adtentionem
1043 841 1214 915 meretur,
1253 828 1346 925 quod

159 911 244 1003 dicat,
268 917 425 1006 Spiritum
456 914 490 986 S.
514 915 639 986 eodem
664 916 773 985 modo
802 915 898 990 credi
924 918 1134 992 descendere
1156 918 1259 1015 super
1285 945 1343 1016 pa·

158 1023 234 1096 netu,
258 1008 320 1081 etii
344 1008 462 1081 divina
490 1027 609 1080 nutura
637 1028 716 1078 cunr
743 1032 788 1081 eo
808 1014 966 1099 uniatur,
992 1032 1061 1106 qno
1087 1014 1194 1087 modo
1210 1015 1245 1087 in
1262 1019 1345 1091 Ma·

155 1100 217 1174 tiam
239 1103 418 1176 descendit
443 1103 530 1177 Luc.
558 1105 586 1175 s:
614 1124 671 1193 35.
722 1101 902 1177 Postremo
922 1106 1054 1201 scripsit
1082 1109 1126 1181 de
1150 1111 1345 1185 Providen-

154 1194 203 1283 tia,
224 1219 346 1272 contra
372 1198 569 1294 Johannem
595 1195 805 1292 Episcopum
835 1199 999 1286 Mardae,
1026 1223 1178 1276 creatum
1205 1205 1347 1278 Patriar·

151 1290 228 1400 cham
251 1316 282 1365 a.
315 1315 445 1385 ¹1²5·2
477 1294 536 1388 qui
563 1290 743 1382 statuerat,
768 1292 911 1388 flagella
935 1299 969 1368 in
983 1298 1123 1373 stomines
1146 1322 1205 1372 non
1228 1327 1249 1374 a
1273 1300 1344 1379 Deo

152 1391 262 1461 emitti.
511 1451 514 1458 .
1394 1425 1405 1438 ·

181 1478 209 1579 s.
230 1480 378 1556 CXXX.
420 1484 459 1555 In
498 1479 640 1554 historia
673 1481 840 1575 Coptornm
877 1482 962 1558 nihil
994 1482 1063 1558 sese
1096 1486 1202 1562 offert
1234 1492 1337 1568 valde

150 1579 376 1664 memorabile,
402 1598 540 1670 praeter
564 1574 709 1649 schisma
729 1576 823 1655 inter
847 1580 1032 1667 Marcum,
1057 1580 1184 1657 Zaraae
1209 1587 1341 1678 filium,

150 1667 362 1746 Patriarcham
394 1671 668 1749 Alexandrinum
699 1672 740 1744 ab
782 1695 810 1744 a.
851 1681 956 1748 1166.
990 1676 1031 1748 ad
1073 1699 1105 1750 a.
1142 1686 1269 1772 1189„
1308 1699 1344 1756 et

150 1763 313 1855 Marcum,
347 1765 501 1853 Koubari
532 1767 663 1854 filium,
696 1767 790 1840 circa
811 1764 1067 1843 sacramentum
1099 1773 1340 1853 consessionis:

134 1863 217 1952 ⁴qnod
241 1885 288 1936 ex
313 1861 533 1935 Bathebraeo
563 1879 698 1935 enarrat
723 1859 899 1936 Aheman.
933 1865 1021 1937 Bibs.
1049 1865 1111 1940 Or.
1136 1886 1161 1940 t.
1186 1869 1231 1944 11.
1243 1880 1266 1959 ,Ι
1296 1872 1340 1947 de

147 1975 196 2047 qno
218 1959 327 2031 etiam
352 1957 423 2052 egit
440 1954 637 2030 Renaudot.
661 1956 705 2028 de
721 1962 944 2050 poenitentia,
969 1980 1005 2032 et
1021 1960 1058 2034 in
1078 1961 1152 2054 hia.
1177 1964 1339 2042 Alexand.

145 2046 264 2127 Marem
286 2050 462 2139 Koubari,
489 2051 615 2124 nullam
633 2051 787 2126 obtineri
803 2052 900 2149 posse
918 2055 1149 2130 remissionem
1169 2080 1334 2151 peccato·
1419 2078 1423 2086 ·

143 2162 223 2238 tum,
260 2143 326 2219 nist
357 2145 448 2220 fabia
471 2145 561 2239 apud
586 2144 800 2219 sacerdotem
833 2147 1065 2233 conseshone,
1109 2151 1340 2229 vehementer

146 2241 229 2333 unt,
250 2240 308 2314 sed
339 2242 481 2314 Marcus
506 2239 720 2325 Patriareha,
755 2239 1001 2313 consessionem
1028 2243 1107 2314 Deo
1132 2243 1201 2316 esse
1225 2247 1338 2323 secre-

143 2335 383 2412 tnsaciendam
409 2336 619 2424 contendit,
661 2334 716 2416 cui
752 2330 819 2405 sese
853 2357 1037 2432 patronum
1073 2339 1236 2430 praebuit
1266 2366 1340 2421 non

142 2445 261 2508 tantum
279 2429 456 2519 Michael,
482 2432 666 2504 Damiatae
682 2426 895 2526 Episcopus,
930 2430 1039 2511 sedet
1061 2433 1181 2508 Marci
1207 2437 1339 2511 succes·

138 2523 179 2599 sor
215 2526 397 2623 Johannea
433 2527 520 2611 Vh,
563 2526 655 2598 unde
698 2524 837 2598 schisma
877 2525 945 2599 suit
978 2547 1106 2602 ortum.
1158 2531 1337 2610 Praeterea

138 2618 167 2694 hi
174 2619 384 2718 posteriores
402 2623 581 2694 traduntur
599 2621 744 2694 multum
754 2621 1005 2696 commendasse
1014 2621 1335 2721 circumcisionem,

136 2718 231 2795 modo
255 2715 319 2790 fiat
342 2735 424 2791 ante
449 2716 666 2813 baptismum.

438 2903 654 2978 SCHISMA
687 2905 1016 2983 GRAECORUM.

171 3097 201 3214 §-
225 3099 391 3172 cxxxi.
426 3090 593 3192 Quamvis
618 3092 821 3169 Latinorum
847 3095 933 3169 ritus
955 3110 991 3165 et
1024 3092 1205 3187 disciplina
1228 3099 1336 3176 multa

136 3191 284 3270 Orientis
310 3194 389 3266 loca
405 3189 673 3284 occupaverint,
701 3213 763 3282 per
787 3189 1034 3288 expeditiones
1059 3191 1242 3282 cruciatus,
1268 3196 1335 3268 La·

136 3287 211 3363 tinia
233 3309 372 3383 quoque
395 3283 604 3359 Patriarchis
634 3280 833 3360 sedentibus
869 3283 1083 3358 Antiochiae
1107 3306 1143 3359 et
1168 3288 1336 3361 Hieruso-

134 3379 258 3478 iymae,
293 3386 508 3458 Graecorum
533 3379 570 3452 in
603 3377 805 3454 servitutem
840 3381 963 3466 mishs,
997 3382 1089 3452 unde
1124 3381 1337 3459 Graecorum

137 3479 282 3571 querelae
307 3478 385 3552 snut
409 3495 531 3562 ortae,
563 3474 651 3567 apud
677 3477 905 3572 Anonymum
930 3476 973 3548 de
994 3471 1119 3570 diffidio
1146 3479 1338 3557 Graecorum

133 3573 387 3660 tiberinorum,
413 3573 559 3645 citatum
578 3569 727 3651 Adarin,
754 3572 775 3644 1.
795 3572 840 3643 sl.
865 3593 993 3662 c.13.,
1019 3569 1263 3647 continuatum
1285 3595 1335 3653 ta.

137 3686 206 3743 men
237 3668 303 3742 suit
337 3665 499 3753 schisma,
534 3664 713 3757 superiore
736 3661 848 3738 seculo
881 3664 1068 3739 firmatum.
1110 3666 1335 3756 Inperatoret

140 3848 143 3852 ¹
175 3764 264 3836 idem
289 3764 504 3837 Graecorum
532 3759 695 3843 Adeamus,
737 3760 911 3854 Johannes
942 3761 1105 3852 Mamer,
1141 3764 1335 3857 Cnmneni‚

137 3783 196 3931 ide
217 3859 334 3954 speeie
360 3879 461 3930 tenus
480 3854 594 3928 minus
619 3854 788 3929 aLatinis
815 3871 849 3925 et
867 3855 983 3950 Pupis,
1009 3877 1047 3929 et
1073 3855 1202 3930 unione
1220 3862 1332 3934 Grae·

141 3968 240 4024 cotum
263 3976 345 4027 eum
368 3951 501 4025 Latinis
526 3946 761 4038 instauranda,
788 3950 1065 4024 demonstrarunt
1088 3952 1230 4037 ahenos,
1258 3955 1336 4046 quia

143 4039 323 4127 Latinorum
347 4048 551 4126 metuebant
575 4045 837 4215 expediitioneo,
870 4060 909 4123 ‘et
941 4047 1194 4124 Germanorum
1230 4048 1337 4220 Inpe-

696 4141 754 4235 '4
1171 4154 1275 4216 ratnrr
1300 4164 1339 4223 ut
