3022 4806
625 601 878 722 secar.rrrr.'
1313 658 1362 733 91

172 830 210 888 tos
227 816 446 914 promiserat,
480 817 696 917 poenitentia
718 817 861 911 donus,
886 820 929 896 ab
953 817 1154 895 Alexandro
1169 807 1294 914 petiit,
1321 833 1359 891 et

165 908 336 1008 inpetravit
360 915 635 1005 absolutionem,
667 936 706 990 et
728 917 771 990 ab
795 941 840 989 eo
865 934 1026 1012 tempore
1060 915 1131 990 sese
1157 916 1224 989 illis
1250 909 1359 986 obsti·

161 1029 226 1081 rate
252 1011 432 1107 opposuit
485 1010 602 1111 Quare
640 1011 752 1102 Rex,
794 1012 891 1088 milla
920 1014 963 1087 ad
996 1014 1122 1106 Papam
1156 1007 1358 1108 legatione,

158 1102 430 1181 constitutionum
455 1107 782 1182 Clarendunensrum
807 1109 909 1205 petiit
931 1105 1255 1194 confirmationem,
1291 1125 1359 1178 nec

154 1221 213 1271 non
237 1201 421 1297 legationis
438 1204 572 1298 Papalis
598 1204 769 1278 honorem
788 1227 855 1300 pro
880 1205 959 1279 sede
976 1202 1207 1278 Eboraccnse.
1257 1201 1359 1274 Prius

152 1317 219 1369 cum
242 1300 335 1395 Papa
357 1298 550 1388 recusaret,
589 1296 761 1393 posterius
789 1323 872 1373 cum
897 1301 962 1373 hac
984 1299 1203 1377 restrittione
1226 1319 1359 1374 conce·

149 1394 261 1484 deret,
303 1416 352 1467 ne
381 1393 608 1469 Eboracensrs
638 1394 674 1467 in
697 1395 975 1471 cantuariensem
999 1396 1054 1493 jus
1085 1398 1250 1484 baberet,
1290 1413 1359 1467 nec

149 1488 334 1585 Anglicaoi
357 1487 542 1564 Antistites
565 1493 607 1563 ab
634 1489 856 1582 obedientia,
887 1491 1122 1567 cantuarienss
1145 1489 1281 1581 debita,
1305 1487 1357 1562 es·

147 1580 212 1657 sent
234 1585 386 1659 absoluti
396 1608 408 1672 ;
448 1586 528 1660 Rex
553 1585 699 1661 minime
730 1606 920 1665 contentus
951 1586 1147 1683 Episcopos
1177 1607 1357 1659 convoca·

147 1678 194 1754 rit
218 1680 524 1759 Northamtonam
548 1705 578 1756 a.
607 1689 738 1772 1164.,
762 1701 799 1755 et
818 1684 950 1757 Tomas
976 1683 1013 1756 in
1028 1683 1082 1778 jur
1106 1702 1251 1756 vocatus
1279 1679 1355 1771 est;

147 1795 194 1864 ut,
228 1777 328 1857 inter
351 1778 435 1865 alia,
459 1777 635 1852 redituum
660 1777 793 1853 sedium
819 1775 1037 1868 vacantium,
1072 1800 1158 1874 quos
1175 1800 1240 1873 qua
1265 1779 1364 1850 Can·.

104 1934 107 1947 ,
146 1871 294 1946 tellarius
319 1893 546 1968 perceperat,
572 1872 743 1947 rationem
759 1873 945 1964 redderet,
972 1874 1068 1950 simul
1085 1871 1354 1949 consuetudines

144 1967 341 2043 adsumeret.
389 1971 454 2042 Sed
481 1969 633 2057 Tomas,
665 1990 746 2042 com
771 1989 840 2043 non
866 1991 1106 2065 compareret,
1131 1992 1215 2043 mox
1242 1969 1354 2063 prima

95 2014 98 2163 i
143 2059 279 2141 fellone
305 2063 508 2154 damnatus,
533 2063 635 2139 bonis
661 2064 736 2159 ejus
758 2064 944 2139 mobilibus
976 2066 1060 2138 fisco
1081 2064 1248 2154 addictis,
1291 2064 1355 2137 Pa·

95 2176 97 2233 :
144 2177 212 2248 pam
236 2160 453 2254 adpellavit,
479 2178 516 2233 et
544 2183 590 2236 ex
614 2159 741 2256 Anglia
767 2159 906 2254 aufugit
925 2159 967 2233 ad
992 2161 1138 2254 Papam,
1162 2183 1181 2232 a
1205 2183 1274 2254 quo
1293 2161 1356 2230 be·

95 2238 97 2267 '
144 2252 239 2349 signe
265 2252 318 2327 est
338 2253 512 2350 susceptus
528 2254 565 2328 in
582 2253 837 2352 patrocinium,
864 2253 1037 2326 sententia
1053 2275 1190 2349 quoque
1212 2256 1248 2327 in
1269 2276 1352 2328 eum

143 2351 281 2438 taliata,
312 2368 351 2421 et
376 2349 565 2447 praecipua
591 2346 878 2425 Clarendunensra
904 2347 1054 2441 capitula
1079 2352 1238 2424 damnata
1264 2351 1354 2425 sunt.

145 2444 215 2542 Quo
240 2466 442 2518 commotus
460 2448 560 2534 Rex,
584 2446 1008 2534 reditusCantuarienlis,
1034 2463 1071 2517 ct
1094 2444 1251 2519 omnium
1273 2446 1353 2519 Cle·
1473 2475 1475 2480 ·

144 2563 288 2614 ntorum
312 2539 374 2636 ipsr
397 2540 685 2630 adhaerentium,
718 2540 804 2613 fisco
830 2540 983 2630 addixit,
1017 2542 1204 2636 omnesque
1227 2563 1349 2617 eorum

142 2656 305 2733 cognatos
327 2658 439 2746 regno
466 2636 612 2732 expulit.
660 2637 738 2709 lmo
761 2636 896 2731 legatos
920 2639 962 2709 ad
986 2636 1220 2711 Alexandrum
1238 2638 1349 2727 misrt,

160 2736 191 2808 ui
215 2731 303 2830 ipss,
346 2730 408 2806 nrss
424 2731 692 2806 consuetudines
719 2732 865 2824 Angliae
893 2730 1068 2822 firmaret,
1111 2732 1349 2821 minarentur,

141 2756 270 2926 ilegem
295 2825 401 2923 ipsius
425 2826 650 2902 obedientiae
675 2827 978 2913 renunciaturum,
1004 2844 1040 2900 et
1067 2825 1270 2922 Antipapae
1290 2827 1348 2900 ad·

139 2922 307 2999 haesurum
333 2922 412 2997 effe.
463 2923 569 3023 Quod
587 2921 734 3018 Legati,
758 2944 824 3017 per
842 2921 1066 2996 Germaniam
1091 2941 1238 3013 euntes,
1262 2925 1374 3018 quo·'

140 3043 200 3116 que
219 3018 369 3094 effectui
393 3039 475 3091 mox
500 3017 671 3093 dederunt
695 3019 733 3094 in
765 3017 920 3091 concilio
945 3016 1221 3112 Herbipolense,
1256 3016 1361 3113 quod-

138 3136 203 3190 tum
226 3115 427 3192 celebrabat
451 3114 479 3185 F
480 3113 676 3201 redericus,
700 3107 789 3186 teste
806 3114 892 3188 Cods
911 3111 1085 3188 Vaticano
1100 3114 1189 3209 apud
1205 3112 1363 3201 Batonis

140 3237 191 3287 uro
206 3236 265 3307 ep.
292 3232 352 3304 70.
378 3230 414 3283 et
440 3231 524 3303 pn,
548 3210 668 3284 nescio
684 3208 798 3296 sorte,
822 3231 889 3281 nee
907 3208 1141 3304 adprobante,
1161 3211 1347 3299 Henrico,

137 3331 232 3420 quem
248 3304 451 3380 Alexandro
465 3303 599 3399 semper
614 3300 797 3380 adhaesisse
814 3301 956 3377 testatur
973 3303 1166 3399 Episcopus
1182 3305 1344 3384 London.

140 3404 216 3478 rbid.
240 3426 300 3496 ep.
328 3423 387 3492 70.
412 3420 447 3471 et
472 3423 529 3492 71·
582 3400 651 3474 Sed
676 3399 766 3474 nihil
797 3399 929 3474 remisrt
951 3401 1060 3495 Papa,
1100 3399 1184 3494 quin
1208 3401 1347 3476 Tomae

140 3496 348 3596 legationem
376 3482 613 3590 Apostolicain
631 3519 696 3610 per
719 3511 827 3568 totam
852 3495 1014 3589 Angliam
1038 3493 1209 3583 restituit,
1236 3513 1345 3594 utque

139 3596 264 3670 reditur
308 3591 414 3688 ipsrus
451 3592 645 3688 intercepti
684 3590 871 3684 reddantur
906 3591 1002 3686 juffit
1048 3590 1108 3663 sub
1155 3590 1351 3667 anathema·

140 3711 182 3763 te.
227 3688 311 3786 Qua
349 3685 537 3762 autoritate
566 3687 720 3762 munitus
750 3686 880 3759 'somas
910 3685 1189 3761 constitutiones·
1208 3689 1350 3765 Claren-

137 3786 297 3862 durenses
320 3783 519 3872 damnavit,
562 3782 755 3880 Episcopus
780 3805 799 3853 a
827 3781 1023 3875 juramento
1050 3780 1216 3877 praestito
1239 3785 1351 3860 absol·

138 3905 206 3973 vrt,
247 3879 438 3976 omnesque
465 3901 581 3952 earum
609 3879 850 3954 observatores
873 3896 911 3951 et
938 3878 1117 3952 exosiores
1146 3901 1349 3953 excommu-

141 3978 280 4066 nicarit,
307 3999 377 4050 una
403 3996 485 4047 cum
511 3973 651 4070 legatis,
675 3973 734 4069 qui
759 3996 840 4046 cum
866 3971 1086 4049 schismaticis
1111 3974 1347 4048 communica·

142 4095 256 4150 verant
278 4074 316 4149 ln
337 4067 554 4162 Germania,
577 4069 658 4168 imp,
672 4067 765 4243 ip}1
761 4067 877 4169 Regi,
898 4067 960 4182 nisr
974 4065 1168 4168 resrpiscat,
1193 4070 1359 4247 minatufi.

687 4183 924 4245 ..⁴2..t;
1081 4230 1102 4241 ..
1208 4184 1363 4245 «0.
