3022 4806
132 573 202 629 102
514 544 662 645 Historia
686 542 814 646 Eccles.
839 546 955 647 clariss.

133 723 294 836 junxisse.
343 725 528 802 Habebunt
552 725 689 822 quidem
715 725 882 824 Episcopi
908 726 1113 823 potestatem
1141 730 1187 806 de
1211 751 1358 810 contro·

138 825 258 900 versris
283 822 390 912 fiori,
415 827 620 896 convocatis
647 826 815 918 synodis,
835 826 1035 920 judicandi,
1060 849 1096 900 et
1114 828 1359 907 Ecclesiastico

140 921 310 995 traelandi
353 921 523 1018 negotia:
570 919 624 993 led
662 919 869 995 Ponulitiae
900 920 1012 996 sellae
1053 921 1121 999 viri
1159 931 1355 1001 contende·

139 1018 244 1105 bant,
269 1015 361 1111 quod
387 1017 542 1088 'l'lrunnas
566 1013 647 1086 alibi
673 1017 781 1105 dicit,
821 1021 920 1090 totius
946 1016 1113 1110 Eccleſsat
1136 1029 1354 1098 autoritatem

138 1112 271 1206 rrfiirre
295 1117 327 1182 in
343 1109 469 1206 suanno
494 1112 671 1207 l'onrrfite,
699 1111 801 1207 ipsius
824 1110 943 1209 itaque
964 1113 1034 1186 else
1057 1118 1216 1209 synodos
1234 1120 1355 1193 oecu-

140 1212 294 1285 tnenicas
310 1229 527 1292 convocare,
553 1229 740 1303 eurumque
759 1208 945 1281 sententias
963 1209 1188 1301 confirmare,
1205 1214 1251 1287 de
1268 1236 1352 1287 con·

140 1301 315 1382 troversris
338 1300 419 1372 fidei
444 1301 663 1375 definitivam
690 1303 782 1376 serre
809 1304 1033 1394 sententiam,
1067 1305 1219 1402 symbola
1241 1309 1353 1400 fidei,

140 1423 227 1500 quae
253 1394 432 1470 universali
459 1401 590 1493 pollent
613 1399 819 1486 autoritate,
846 1398 1021 1488 condere,
1046 1401 1195 1500 denique
1211 1405 1257 1477 de
1272 1414 1356 1478 ‘onr-

139 1498 240 1572 nibus
264 1492 434 1565 Ecclesiae
458 1493 563 1567 causus
586 1496 772 1589 majoribus
791 1495 955 1591 judicare.
1007 1495 1089 1592 Quo
1113 1501 1216 1573 etiarn
1240 1502 1354 1596 perti·

140 1612 226 1681 net,
250 1588 341 1685 quod
357 1588 538 1663 criminum
569 1591 756 1685 majorum,
781 1611 818 1663 et
848 1590 1083 1685 singularium,
1110 1597 1296 1692 cognitio,
1317 1615 1356 1671 et

139 1688 335 1788 iudicium,
364 1685 469 1758 suerit
487 1686 609 1758 Curiae
636 1686 814 1759 Romanae
832 1686 961 1762 datum.
1013 1689 1101 1763 Vid.
1133 1694 1235 1764 troilo
1247 1690 1356 1787 surl‘

142 1783 343 1861 autoriteu'u
364 1782 473 1876 rape,
515 1782 536 1854 l.
565 1781 627 1852 lll.
652 1804 685 1875 p.
711 1782 740 1855 1.
775 1802 807 1852 c.
837 1791 870 1860 8.
920 1783 1144 1859 invaluerunt
1168 1788 1239 1863 hoe
1264 1808 1357 1884 qno·¹

140 1903 210 1980 que
233 1878 346 1952 seculo
368 1879 506 1972 delegati
531 1874 671 1969 Jnditet
698 1878 731 1946 r'n
752 1883 926 1969 portibus,
960 1900 998 1952 ut
1019 1878 1254 1976 adpellantur,
1288 1883 1357 1958 e'ti·

141 1999 198 2054 arn
221 1968 425 2066 tornrniffnrii
448 1970 553 2059 uitri,
579 1968 665 2070 (quo
687 1971 832 2045 nornine
854 1975 936 2046 aliar
960 1975 1150 2049 veniebant
1170 2000 1190 2051 a
1216 1978 1358 2055 Princi-

141 2095 189 2173 pe
205 2071 247 2144 ad
263 2092 317 2143 res
331 2066 510 2166 politicas,
537 2090 608 2144 non
620 2065 817 2164 judiciales,
839 2068 947 2158 milli,
982 2070 1088 2144 etiarn
1106 2072 1359 2167 Plenipottnria·

140 2169 231 2244 narii
253 2167 374 2241 vocati
383 2160 412 2262 ,)
436 2164 560 2262 quibus
575 2166 687 2261 Papae
709 2161 896 2239 reuifiones
919 2167 1093 2244 causarum
1117 2165 1155 2242 in
1177 2168 1252 2244 aliia
1272 2194 1359 2269 pro·

139 2262 267 2341 vinciis
291 2263 577 2347 committelant,
600 2261 729 2355 quique
754 2258 999 2354 adpellationes
1021 2264 1064 2337 ad
1088 2263 1204 2337 sedem
1221 2267 1357 2341 Rornad

141 2381 222 2438 nam
243 2355 452 2467 judicabant.
510 2356 724 2446 Inceperunt
755 2376 892 2450 quoque
922 2358 1110 2433 ordinarias
1139 2361 1358 2437 clericorum

140 2453 345 2530 collatrones
364 2452 523 2537 turbare,
548 2450 636 2542 apud
660 2445 852 2545 Episcopus
876 2468 913 2522 et
941 2451 1132 2542 Praelatos,
1155 2477 1219 2549 pet
1240 2477 1358 2554 precer

141 2544 375 2634 ornatar,seu
388 2543 570 2629 mandata,
589 2540 659 2615 srve
667 2566 790 2637 preces
797 2547 1357 2646 praeceptoriasetexecntoriaa,

141 2667 223 2723 curn
247 2659 351 2714 antea
374 2659 436 2737 per
462 2661 585 2734 precea
609 2637 813 2713 monitorias
833 2660 1003 2739 agerent,
1028 2665 1067 2719 ut
1089 2644 1145 2719 ltic
1166 2645 1272 2722 illeve
1289 2649 1356 2724 eli·

141 2755 296 2858 geretur.
330 2734 528 2810 Alexander
545 2734 609 2808 111.
634 2757 722 2808 vero
738 2735 773 2809 in
789 2738 946 2811 mandata
962 2741 1084 2815 vertit.
1132 2739 1238 2841 Quod
1257 2745 1358 2823 idem

140 2832 276 2918 arnitati
309 2832 386 2908 sunt
421 2834 642 2926 inperatores
674 2849 712 2903 et
749 2831 880 2926 Reges.
933 2833 1019 2908 Vid.
1053 2837 1240 2915 Boehmer.
1273 2842 1355 2938 Jur.

141 2930 276 3011 Eccles.
300 2930 323 3003 l.
349 2929 413 3003 Ill.
439 2927 495 3001 tit.
519 2927 591 3016 V.,
615 2943 652 2998 et
675 2927 719 3000 de
733 2926 906 3023 judicibus
927 2926 1096 3024 delegatis
1112 2933 1134 3006 l.
1161 2933 1191 3008 1.
1217 2933 1271 3011 tit.
1292 2958 1356 3030 29·

142 3034 343 3106 Traxerunt
366 3044 504 3120 quoque
527 3020 569 3096 ad
602 3021 700 3096 suurn
727 3022 898 3119 judicium
931 3029 1193 3102 canonizationes
1219 3031 1364 3108 tanao·

141 3146 240 3211 rum,
275 3137 314 3193 ut
340 3118 377 3191 in
403 3115 602 3193 Alexandro
626 3119 689 3192 Ill.
723 3118 917 3194 observavi.
969 3121 1068 3222 Quae
1092 3145 1177 3198 nero
1199 3125 1244 3200 de
1266 3149 1359 3206 con·

142 3213 321 3299 troversris
344 3212 449 3304 fidei,
467 3232 504 3286 et
514 3213 689 3311 symbolo,
707 3211 801 3299 dixi,
824 3211 1016 3290 luculenter
1031 3217 1191 3295 constant
1206 3243 1252 3296 ex
1266 3247 1359 3302 con·

144 3310 306 3394 tentione
329 3315 424 3384 inter
446 3309 640 3383 Cardinaler
663 3323 700 3380 et
725 3307 925 3384 Gallicanos
955 3311 1154 3411 Episcopus
1176 3317 1213 3390 in
1235 3321 1356 3418 Syno-

142 3416 191 3490 do
208 3405 416 3492 Rhemenst‚
440 3422 565 3480 contra
584 3403 735 3479 Gilbetti
749 3404 930 3480 Porretani
952 3432 1109 3499 errores3
1133 3435 1235 3507 quarn
1253 3437 1363 3492 enat·-¹¹

143 3528 197 3586 rat
222 3505 313 3578 Otto
337 3497 542 3598 Frisrngens.
566 3499 610 3575 de
641 3498 745 3594 gestis
770 3501 945 3579 Frederici
980 3507 1002 3580 l.
1029 3508 1058 3581 1.
1084 3528 1114 3580 c.
1140 3529 1199 3601 57.
1247 3513 1363 3586 Coun·

143 3602 328 3705 posuerant
351 3596 521 3672 Gallicani
545 3595 714 3670 Praesules
734 3595 916 3690 formulam
947 3600 1029 3675 fidei
1063 3621 1187 3676 contra
1209 3628 1272 3684 eor
1295 3616 1364 3682 err·

140 3721 259 3784 rores,
292 3693 351 3767 sed
374 3693 570 3766 cardinales
592 3693 676 3766 illud
708 3691 856 3778 tatium,
885 3712 1045 3791 tanquam
1069 3699 1189 3796 ,Papali
1214 3720 1250 3775 et
1274 3701 1357 3782 suae

141 3788 318 3880 autoritati
358 3785 590 3877 contrarium,
625 3787 947 3879 reprehendebant,
990 3795 1171 3881 dicentes,
1201 3796 1367 3876 Romana*

128 3897 226 3999 fides
255 3883 331 3982 sula
361 3883 425 3978 est,
466 3905 545 3979 quae
577 3885 699 3956 rlortdr't
735 3898 769 3954 tt
799 3887 920 3977 aperit,
958 3911 1046 3963 nemo
1077 3895 1183 3983 aperit
1207 3912 1240 3968 tt
1264 3919 1357 3972 nemo

137 3987 280 4078 claudit,
302 3980 391 4060 adeo
416 3999 476 4073 ut,
501 4003 541 4058 ea
563 3977 775 4069 inconsulta,
805 3977 908 4060 scribi
930 4005 1004 4060 non
1025 3984 1143 4065 liceat.
1175 3991 1369 4086 ·Respon·³

1231 4088 1360 4167 derunt
