3022 4806
539 629 548 639 ·
642 605 875 687 ueratrum.
948 636 953 647 ·
1280 631 1353 729 333
1384 691 1386 696 ,

127 786 212 861 niae
234 782 395 859 condidit
425 787 468 861 ab
499 809 531 860 a.
562 809 669 878 1295.
704 787 747 862 ad
782 807 811 861 a.
844 790 969 881 1362,
995 784 1110 861 editos
1141 808 1160 862 a
1195 787 1352 874 Frehero

119 883 226 959 inter
258 881 447 975 scriptores
475 884 695 959 Germaniae.
748 884 943 958 Matthaeus
969 880 1344 982 Weflmunallerr'enſss,

119 976 392 1062 Beneditlinus,
409 976 514 1073 flores
530 980 732 1071 historiarum
753 978 931 1053 contexuit
948 999 967 1048 a
982 980 1038 1050 Μ.
1057 980 1095 1052 C.
1113 988 1156 1052 ad
1173 1001 1203 1057 a.
1226 1003 1343 1075 1307,

119 1074 218 1146 unde
255 1068 409 1166 florigeri
440 1074 558 1147 nauus
592 1076 643 1147 est
676 1097 831 1149 nomen:
865 1073 958 1169 quod
992 1095 1078 1166 opus
1108 1077 1150 1147 ab
1182 1073 1257 1148 aliis
1289 1079 1342 1167 est

119 1167 387 1256 continuarum,
414 1189 449 1240 et
473 1171 676 1258 aParhero,
701 1171 978 1264 Archiepiscopo
995 1167 1247 1260 cantuariensi,
1269 1176 1340 1249 edi·

119 1285 215 1338 cum.
241 1263 417 1336 Gulielmar
440 1263 563 1354 Thura,
582 1265 842 1352 Benedidtinus,
860 1264 1155 1360 quoqueAnglus,
1174 1268 1339 1348 coenobii

119 1359 380 1433 Cantuariensrs
415 1361 609 1433 chronicon
640 1360 838 1456 composuit
874 1359 918 1431 de
953 1362 1054 1452 gestis
1094 1362 1260 1434 Auratum
1296 1366 1332 1439 S.

119 1451 314 1550 Augustini
334 1455 658 1544 'Cantuariensrum,
684 1461 726 1530 ab
761 1451 947 1552 Augustini
976 1453 1011 1526 in
1042 1455 1253 1530 Britanniam
1275 1460 1336 1536 ads
1409 1509 1417 1524 ·

119 1570 237 1626 ventu
262 1548 367 1643 usque
390 1551 432 1623 ad
454 1574 484 1624 a.
512 1574 638 1644 1397„
680 1554 774 1624 inter
808 1549 992 1644 scriptores
1021 1548 1186 1624 historiae
1210 1553 1334 1651 Angli.

119 1665 254 1734 canae,
280 1646 427 1739 Rogero
450 1646 671 1742 Twyldeno‚
696 1669 733 1719 et
757 1647 919 1741 Johanne
936 1643 1103 1733 Seldeno,
1129 1646 1333 1730 editoribus.

119 1737 197 1813 Ubi
220 1740 326 1813 etiam
353 1739 465 1812 exstat
488 1746 623 1816 tierrici
646 1743 841 1836 Knlgrhorrr',
866 1739 1027 1814 canonici
1051 1739 1232 1833 Regularis
1250 1747 1332 1821 Lei·

119 1833 337 1922 cestriensrs,
362 1834 496 1932 egregii
515 1836 693 1927 historici,
722 1838 923 1912 chronicon
946 1836 990 1909 de
1007 1837 1172 1908 eventibus
1189 1839 1333 1934 Angliae

119 1933 168 2001 rb
190 1954 219 2004 a.
244 1952 326 2020 950.
352 1936 393 2004 ad
415 1953 445 2004 a.
474 1954 576 2025 1395.

175 2023 203 2122 s.
227 2027 379 2099 CCXCI.
422 2027 562 2098 Praeter
592 2023 752 2099 historiae
781 2024 926 2100 studium
964 2033 1160 2122 coeperunt
1193 2049 1332 2123 quoque

119 2112 276 2193 Litterae
310 2119 543 2210 humaniores,
581 2145 669 2216 quae
702 2124 807 2212 longo
840 2139 1000 2213 tempore
1029 2123 1206 2214 jacuerant
1239 2124 1331 2218 quusr
1388 2209 1398 2217 ,

119 2211 295 2306 sepultae,
320 2216 525 2290 resuscitari.
576 2217 734 2312 Linguae
758 2213 903 2288 Latinae
925 2213 1074 2287 studium
1099 2219 1331 2294 excoluerunt

119 2299 255 2388 Dentes
272 2309 466 2408 Aligerius,
492 2315 519 2383 F
521 2310 690 2385 ranciscus
711 2311 916 2399 Petrarcha,
946 2310 1122 2407 Johannes
1144 2314 1331 2404 Boeotius,

119 2402 186 2481 etit
231 2407 361 2480 Douros
394 2405 459 2480 fuit
489 2409 728 2494 Florentinus,
767 2423 803 2479 et
828 2406 988 2481 Oratoris
1019 2428 1163 2479 munere
1191 2407 1334 2500 santius

119 2501 211 2604 {pud
233 2502 454 2577 Bonifacium
478 2503 602 2587 vul,
628 2501 834 2576 Guelforum
866 2524 952 2575 vero
984 2519 1020 2572 et
1043 2500 1237 2596 Nigrorum
1258 2504 1332 2579 sac·

119 2599 274 2671 tionibus
302 2597 476 2671 Florentia
511 2596 663 2691 ejettus,
695 2595 788 2670 obiit
820 2599 899 2670 exul
936 2597 1130 2670 Ravennae
1160 2621 1190 2673 a.
1219 2622 1332 2693 1321.-

119 2680 305 2767 illustravit
334 2711 449 2766 autem
486 2695 605 2767 multis
637 2691 772 2785 scriptis
800 2691 951 2786 linguam
977 2692 1195 2769 Hetruscam.
1246 2696 1330 2768 No·

119 2783 299 2877 tissimum,
325 2809 362 2860 et
385 2790 540 2878 celebre,
565 2786 616 2861 est
642 2809 728 2883 opus
756 2786 831 2881 ejus
845 2788 889 2859 de
909 2786 1051 2878 Inperio
1068 2785 1242 2881 superiore
1259 2789 1333 2865 Ee·

119 2883 238 2973 tuuis,
255 2887 355 2956 etiam
372 2883 550 2969 Romana,
583 2905 685 2956 neca
701 2884 812 2975 Papa,
847 2879 904 2954 sed
927 2882 1029 2967 Deo,
1045 2882 1243 2973 pendente,
1268 2908 1331 2962 va.

119 2974 171 3055 rie
190 2981 339 3062 editum:
365 2981 460 3071 cujus
482 2978 580 3051 causa
603 2978 720 3050 locum
744 2975 870 3048 meruit
885 2977 980 3048 inter
995 2974 1200 3052 haereticos.
1241 2977 1329 3056 Pro·

119 3077 197 3149 tulit
228 3076 354 3149 etalio
389 3074 546 3169 Papismo
578 3069 738 3159 adversa,
779 3094 866 3167 quae
896 3072 1090 3144 Moruaeus
1120 3070 1157 3146 in
1181 3071 1331 3170 mysteria

119 3164 294 3268 iniquitatis
319 3192 389 3242 non
418 3170 572 3264 neglexit
598 3168 813 3262 producere,
841 3165 913 3254 uti,
946 3165 1041 3260 quod
1065 3165 1157 3260 Papa
1183 3169 1227 3242 de
1252 3173 1329 3267 pas.

119 3272 193 3342 tore
219 3269 318 3362 lupus
341 3262 509 3353 evaserit,
536 3266 716 3358 Scriptura
740 3263 775 3335 8.
801 3259 925 3334 misere
949 3279 1167 3368 torqueatur,
1200 3280 1237 3335 et
1258 3284 1329 3345 tra.

120 3356 268 3437 ditiones
293 3358 472 3433 obtineant
502 3360 649 3456 primas,
690 3359 728 3430 in
756 3355 922 3430 cathedra
956 3376 1070 3430 variae
1092 3354 1330 3457 quaestiones,

120 3474 155 3530 et
182 3479 296 3532 merne
325 3455 477 3542 fabulae,
501 3455 701 3527 audiantur:
729 3469 973 3545 taxatquoque
989 3449 1227 3544 indulgentias.
1253 3477 1326 3538 etc.

120 3547 208 3630 Plura
232 3553 276 3625 de
299 3550 373 3640 ipso
397 3549 469 3624 vid.
496 3553 586 3645 apud
604 3548 757 3621 Baelium
780 3550 817 3619 in
834 3549 976 3618 Lexico.
1025 3543 1152 3619 lisdem
1171 3547 1328 3650 vestigiis
1425 3643 1428 3650 ¹

119 3643 242 3723 institit
272 3647 358 3720 alter
388 3647 523 3739 linguae
553 3645 747 3718 Hetruscae
770 3662 806 3713 et
836 3641 979 3713 Latinae
1011 3637 1145 3730 stator,
1177 3644 1328 3744 Aligerii

119 3743 319 3838 discipulus,
344 3740 536 3836 Francisrur
556 3739 754 3822 Petrarcha,
781 3735 1015 3824 Florentinus,
1039 3736 1159 3812 rhetor
1182 3759 1219 3812 et
1263 3768 1325 3818 oe·

119 3859 150 3917 ta
179 3834 441 3923 celeberrimus,
473 3835 551 3931 qui,
576 3830 766 3908 Trithemii
787 3829 937 3924 judicm,
961 3833 1162 3906 humaniores
1183 3840 1216 3908 di
1234 3841 1327 3933 cipli.

119 3958 200 4023 nas,
223 3932 292 4029 post
314 3933 409 4026 longo
431 3929 560 4017 filontio
587 3950 743 4005 mortuas.
774 3932 817 4000 ab
841 3927 956 4022 irfferr‘r
979 3932 1143 4005 revocavit
1168 3933 1213 4002 ad
1222 3931 1324 4027 supe.

119 4055 189 4124 m,
214 4052 274 4102 non
289 4032 392 4107 minus
400 4025 522 4127 sancta
542 4027 802 4197 conynſjftione,
825 4023 1073 4122 quamscienlr'g
1092 4029 1213 4104 clarus.
1236 4027 1324 4143 Ma.

710 4138 771 4197 Η
1252 4141 1327 4224 lull
