3022 4806
176 618 236 696 ῖς.
261 623 295 683 1³
572 589 727 687 Historia
750 592 877 695 Eccles.
903 593 1019 697 Clrrr'st.
1056 663 1061 672 .

182 769 414 874 ,Menalianis
440 789 476 847 et
499 774 701 874 Bogomylis
736 795 802 848 una
839 796 919 848 curn
952 773 1135 850 duodecim
1166 767 1411 865 anathematis·¹

183 873 287 959 mis,
319 870 364 945 iis
388 870 579 968 oppositis,
615 871 678 941 (ir.
715 890 753 941 et
792 871 864 946 Lat.
898 872 997 945 dedit
1033 874 1169 946 'l'ulltus
1209 873 1245 945 in
1283 872 1412 941 Itinere

178 968 330 1063 :Italion
382 969 562 1040 Praeterea
584 963 739 1061 superest
755 976 1001 1041 corrtureutorius
1027 972 1100 1064 ejus
1124 970 1160 1042 in
1182 971 1346 1055 Psaltnos,
1372 978 1412 1035 et

190 1065 324 1136 ldecem
348 1063 547 1171 scripturae
569 1061 726 1151 cantica,
761 1067 818 1136 led
842 1065 969 1136 Latine
978 1090 990 1154 3
1020 1066 1117 1160 cujus
1149 1060 1411 1162 praefationem

190 1159 339 1237 'Graece
382 1159 493 1231 edidit
533 1159 675 1256 Moyne
720 1159 805 1233 V-ar.
849 1163 883 1230 ὃ.
930 1172 1015 1234 rom.
1048 1165 1075 1236 1.
1127 1159 1261 1234 Proorit
1300 1159 1408 1234 eriam

190 1255 326 1327 {Latine
358 1252 432 1348 ejus
464 1251 739 1328 commentarius
770 1253 805 1326 in
838 1273 972 1352 quotuor
1014 1259 1227 1353 Boumelo,
1269 1253 1326 1326 sed
1364 1270 1409 1324 ex

189 1346 445 1446 chrysostomo
485 1369 522 1422 et
568 1347 644 1421 aliis
686 1350 906 1441 compilatus.
966 1351 1115 1450 Reliqua
1165 1353 1240 1448 ejus
1280 1344 1415 1443 scripta

200 1445 327 1531 mitto,
370 1445 462 1518 inter
493 1467 580 1541 quae
612 1442 683 1533 est,
724 1446 812 1519 reste
843 1447 883 1519 L.
919 1447 1050 1520 Allatio
1081 1452 1126 1522 de
1158 1442 1307 1545 consensu
1339 1463 1410 1514 etc.

199 1567 240 1640 p.
275 1548 380 1631 64a.‚
421 1559 543 1614 contra
575 1539 720 1612 Latinos
748 1541 792 1612 de
816 1543 1033 1636 pruceffione
1055 1541 1205 1640 Spiritus
1229 1546 1285 1629 S.,
1319 1539 1411 1611 unde

199 1655 322 1736 patet,
347 1658 428 1721 eum
452 1631 657 1723 adversariis
672 1632 970 1727 Latinorum-elle
994 1638 1257 1715 accensendum.
1310 1634 1412 1723 ,Olrca

199 1731 355 1808 medium
384 1730 488 1804 seculi
520 1731 642 1804 floruit
664 1730 804 1824 Isaacm
828 1735 1020 1822 Armenius,
1052 1758 1199 1832 magnae
1222 1728 1411 1806 Armeniae

199 1828 425 1916 Catlrolicus,
452 1824 514 1903 seu.
533 1826 861 1922 Metropolitanus„
884 1831 963 1926 qui,
990 1831 1239 1915 Armeniorum
1254 1829 1411 1924 primum

201 1920 615 2018 inbutusopinionibus,
647 1916 729 1995 dein
754 1934 875 1995 earum
898 1926 967 1998 sese
999 1924 1171 2021 praellitic
1203 1922 1409 1998 acerrimum

199 2037 500 2189 oppupnntorem,
526 2019 622 2111 cujus
644 2016 733 2091 duae
759 2016 896 2094 exstant
919 2021 1120 2095 inueclivae
1143 2041 1265 2094 contra
1285 2021 1409 2091 Arme·

199 2138 283 2206 nos,
316 2113 490 2188 stratores
505 2110 713 2210 Eutychetis
728 2133 822 2204 etc.‚
838 2133 875 2188 et
892 2116 1256 2216 Aplrtardocetarum‚
1275 2115 1312 2188 in
1328 2134 1410 2188 auc·

195 2211 293 2293 sario
319 2233 417 2285 novo
441 2208 641 2288 Combefisti
664 2230 751 2286 torn.
777 2213 824 2287 11.
905 2255 907 2259 -
1121 2285 1125 2289 .
1157 2285 1160 2291 .

203 2349 211 2387 ς
244 2305 279 2477 p.
303 2308 349 2379 11.
374 2306 415 2377 ln
436 2305 514 2402 jure
539 2308 700 2379 canonico
731 2302 931 2400 colligendo
960 2323 999 2379 et
1031 2302 1232 2397 illustrando
1267 2326 1410 2401 operam

198 2424 246 2483 co
259 2403 439 2489 locarunt,
464 2417 605 2497 praeter
620 2395 887 2474 Constantinum
905 2400 1090 2475 Harmeno
1118 2403 1232 2490 olum,
1256 2403 1316 2497 qui
1334 2398 1410 2474 edi·

198 2495 255 2577 dit
275 2494 457 2594 epitomen
482 2506 678 2584 canonum,
705 2511 743 2568 et
764 2492 870 2582 alios,
894 2493 930 2568 in
948 2496 1072 2591 primis
1089 2427 1267 2594 lohannes
1297 2497 1410 2571 Zona·

200 2619 274 2683 ras,
307 2590 452 2667 Alexim
484 2587 685 2681 Aristeous,
717 2606 755 2664 et
790 2588 1003 2668 Theodorus
1029 2594 1221 2667 Ballamon:
1263 2616 1410 2689 quorum

199 2691 313 2790 aliqua
338 2685 451 2763 danda
474 2683 525 2759 est
550 2685 688 2761 notitia.
739 2683 911 2778 Jolauurres
946 2688 1095 2763 Zonuru's
1131 2689 1284 2784 primurn
1315 2709 1412 2785 mag-

199 2812 265 2866 nus
290 2785 534 2881 Drangariur,
567 2783 628 2856 seu
660 2782 858 2877 praefeilus
887 2782 1064 2879 vigilum,
1097 2806 1133 2856 et
1159 2787 1332 2879 primurn
1357 2782 1411 2858 se·

199 2882 310 2964 cratis
332 2879 392 2954 sub
415 2877 545 2952 Alexio
568 2879 774 2969 Comneno,
804 2876 889 2953 dein
913 2877 1024 2954 lacius
1059 2881 1274 2969 Monachus,
1310 2902 1410 2973 prae·

199 2978 289 3059 clara
313 2973 457 3071 reliquit
480 2992 730 3066 monumenta,
762 2973 955 3071 praecipue
975 2974 1141 3049 historica
1167 2996 1203 3048 et
1230 2970 1412 3050 canonica.

171 3130 174 3135 <
200 3071 345 3168 scripsit
369 3071 465 3146 euim
488 3070 642 3146 Annales
665 3068 703 3145 in
718 3071 801 3148 duas
824 3091 961 3167 partes,
987 3091 1024 3146 et
1055 3069 1256 3145 ociodecim
1282 3070 1412 3160 libros,

200 3171 355 3255 divilos‚
387 3166 431 3241 ab
465 3169 553 3245 orbe
592 3165 740 3241 condito
773 3165 816 3241 ad
854 3185 885 3242 a.
921 3175 1057 3256 1118.,1
1090 3166 1183 3240 inter
1222 3167 1410 3261 scriptores

199 3265 433 3368 Byzantinos:
467 3261 526 3335 ubi
549 3260 588 3336 in
620 3260 765 3338 historia
795 3261 1038 3360 inperatorum
1077 3265 1316 3336 Romanorum
1349 3263 1411 3336 de·

199 3359 341 3460 scripsit
366 3359 443 3434 fere
468 3358 625 3432 Dionem
651 3358 817 3448 cuffiam,
857 3361 964 3455 usque
987 3360 1038 3432 ad'
1061 3356 1133 3454 ipsa
1166 3380 1413 3455 nonnunquam

199 3465 322 3539 ³rerba,
369 3452 625 3532 Commentarii
654 3477 742 3529 vero
772 3454 849 3551 ejus
879 3457 917 3527 in
948 3458 1111 3529 Canones
1140 3453 1411 3550 Apostolorum,

200 3564 255 3637 dt:
273 3550 542 3637 Concilium,
582 3545 812 3647 epistolasque
844 3549 982 3626 Parrum
1012 3551 1234 3641 Canonium,
1276 3549 1412 3646 optime

177 3651 292 3732 'editi
316 3650 395 3725 sunt
421 3666 458 3723 et
483 3642 644 3727 illustrati·
671 3670 692 3724 a
723 3646 921 3741 Beveregio
950 3649 991 3727 in
1023 3647 1195 3722 Pannona
1225 3667 1413 3734 canonum.

197 3750 365 3833 inhaeret
388 3754 504 3821 autem
525 3740 647 3820 verbis
667 3761 713 3819 et·
726 3739 836 3818 sensui
860 3764 1045 3824 canonum.
1076 3744 1165 3819 .8ed
1180 3738 1291 3823 exstat
1307 3740 1413 3820 etiam

198 3867 317 3929 anon
333 3841 436 3938 ejus,
451 3880 453 3885 ·
468 3838 535 3917 seu
558 3839 709 3937 hymnus
738 3837 777 3914 in
812 3837 991 3935 virginem
1024 3837 1216 3935 Deiparam
1248 3835 1415 3913 aduersus

200 3939 388 4038 haereses,
426 3935 464 4014 in
500 3959 654 4014 monam..
671 3933 748 4011 Vct.
779 3935 951 4011 Cotelerii
982 3954 1072 4011 tom.
1102 3936 1194 4020 fla,
1232 3954 1301 4007 nec
1340 3954 1413 4011 non

195 4038 371 4124 suffitur
401 4034 460 4114 de.
480 4030 885 4133 runos.,c‚orsoarinuun
915 4030 1004 4134 ibid.
1028 4051 1136 4139 ‘tomg
1177 4031 1226 4123 11,
1273 4028 1417 4144 Alrulur

195 4139 319 4227 pionii.
372 4146 378 4209 l
396 4142 414 4213 ζ,
793 4190 829 4215 st
1187 4142 1215 4215 A
1242 4124 1424 4224 «Attienus
