3022 4806
164 656 208 732 ιι
548 628 697 737 lustina
719 628 845 734 Ecclefi
870 630 991 733 Clarist.
1037 626 1042 632 ¹

164 816 292 904 salute,
325 813 361 889 in
389 815 630 915 benigniorem
663 814 828 910 judicalle
855 835 1013 911 partem,
1048 811 1230 911 imoiplis
1255 809 1382 911 myllo·

97 988 101 993 ,
163 915 297 986 riorum
323 915 428 1003 fidei,
454 939 492 988 ut
518 916 725 999 Trinitatis,
759 935 796 985 et
820 910 1086 1001 incarnationis,
1114 914 1378 1007 cognitionem,

164 1009 389 1099 adtribuille,
414 1009 541 1106 partim
559 1033 622 1103 per
640 1010 914 1096 revelationem,
939 1007 1062 1106 partim
1086 1029 1149 1103 per
1173 1007 1376 1081 rationem:

166 1126 206 1175 ut
238 1128 281 1178 ex
319 1105 413 1178 libris
445 1109 490 1180 de
527 1106 726 1199 Theologia
764 1107 798 1179 in
837 1105 985 1202 liresuuro
1027 1128 1102 1179 novo
1142 1104 1377 1178 Anecdotorum

161 1201 343 1276 Matiene.
369 1199 426 1275 lib.
454 1203 503 1275 V.
528 1202 746 1274 manifestum
767 1197 851 1281 est„

210 1295 243 1393 §-
269 1297 330 1370 Xl.
356 1296 407 1368 Hi
439 1318 573 1372 errores
602 1319 682 1370 cum
715 1296 911 1371 Abaelatdo
944 1294 1073 1395 ubique
1112 1294 1375 1393 objicerentua,

161 1391 315 1487 indeque
347 1392 411 1488 ipsi
442 1392 584 1469 invidia
601 1415 637 1466 et
662 1394 780 1467 odium
807 1412 1004 1483 crearetur,
1037 1393 1143 1488 petiit
1168 1397 1211 1467 ab
1244 1388 1374 1465 Archi·

161 1488 330 1583 episcopo
366 1487 580 1580 senonensi,
620 1510 659 1563 ut
695 1489 756 1563 sibi
790 1488 828 1563 in
861 1487 1000 1583 publico
1033 1509 1215 1563 conventu
1246 1487 1372 1561 liceret

158 1583 195 1658 se
213 1606 371 1680 purgare.
422 1586 558 1660 Indicia
591 1609 678 1683 ergo
710 1585 761 1660 est
785 1585 942 1682 Synodus
972 1586 1181 1659 Senonensis
1203 1608 1233 1658 a.
1262 1606 1370 1673 1140.

158 1698 198 1752 et
223 1681 413 1753 Bernartius
438 1682 729 1771 Clarae'vallensis‚
764 1701 810 1766 ut
833 1703 895 1753 eos
924 1680 1112 1771 refutaret,
1145 1682 1290 1754 adeam
1317 1681 1371 1751 in·

157 1775 288 1848 vitatus
312 1775 372 1848 est.
425 1778 591 1850 Interfuit
613 1801 751 1874 quoque
775 1772 848 1873 ipse
882 1776 1065 1849 Galliarum
1097 1779 1178 1850 Rex
1209 1773 1371 1848 Ludovi·

156 1891 218 1946 cus
243 1874 332 1962 Vl.,
359 1870 414 1943 sed
429 1926 440 1961 ,
455 1872 576 1964 xstatim
595 1896 635 1946 ac
651 1897 784 1946 errores
800 1895 844 1944 ex
868 1874 942 1966 ejus
964 1871 1060 1944 libris
1083 1871 1195 1945 effent
1218 1870 1369 1966 produc·

157 1969 209 2057 ti,
236 1967 310 2064 iple
334 1968 369 2040 se
386 1967 549 2043 subduxit
564 1989 601 2042 et
619 1972 743 2064 Papam
767 1966 966 2064 adpellavit.
1020 1968 1123 2068 Quod
1146 1988 1242 2040 metu
1276 1965 1365 2040 sedi·

151 2064 261 2137 tionis
286 2066 462 2160 popularis
485 2069 527 2138 ab
553 2063 629 2161 ipso
652 2065 721 2138 elle
746 2064 895 2151 fartum,
923 2062 1027 2136 tradit
1052 2065 1142 2137 Otto
1166 2062 1365 2159 Friltugen·

149 2159 214 2248 fis3
248 2163 479 2259 Betengarius
502 2186 611 2250 ver0,
638 2161 711 2257 ejus
736 2161 939 2254 discipulus,
966 2161 1002 2231 in
1027 2162 1223 2253 apologetico
1247 2161 1363 2232 Abac-

150 2256 259 2344 lardi,
295 2257 352 2352 qui
376 2261 469 2330 inter
493 2261 566 2352 ejus
592 2259 754 2351 opuscula
779 2275 982 2349 comparet,
1017 2260 1143 2345 relert,
1180 2255 1299 2327 omnia
1324 2257 1362 2328 in

148 2353 295 2450 Synodo
329 2351 432 2424 fuille
463 2352 678 2424 turbulenter
709 2352 803 2439 adia,
846 2369 881 2420 et
916 2353 1032 2421 Patres
1067 2351 1143 2424 illos
1176 2351 1359 2424 maximam

176 2464 285 2520 artem
318 2444 418 2517 fuiffe
450 2449 578 2521 ebrios.
632 2447 735 2543 Quod
763 2445 954 2532 siveram,
986 2447 1112 2518 lumma
1145 2447 1283 2518 ratione
1324 2445 1360 2519 se

64 2613 67 2619 .
145 2471 328 2618 itbtraxit.
380 2543 541 2636 Synodus
581 2541 698 2638 itaque
730 2564 867 2613 errores
905 2540 1044 2637 quidem
1083 2542 1357 2629 condemnavit,

144 2639 204 2714 sed
228 2638 266 2712 in
288 2637 537 2726 Abaelardum‚
556 2661 638 2734 prae
656 2642 765 2732 Papae
789 2639 1005 2723 reverentia,
1032 2638 1116 2710 niliil
1142 2636 1277 2726 statuit,
1303 2660 1357 2709 re·

145 2737 310 2813 lationem
337 2754 469 2807 tantum
500 2738 542 2808 ad
567 2736 691 2827 Papam
716 2733 958 2805 Innocentium
983 2736 1027 2806 114
1067 2733 1176 2820 misit,
1204 2756 1356 2828 eumque
1418 2744 1424 2753 '

145 2832 311 2930 rogavit,
337 2850 375 2903 ut
400 2831 434 2903 in
459 2852 615 2904 errorum
642 2830 971 2903 condemnationem
996 2830 1208 2919 consentiat,
1235 2850 1273 2904 et
1297 2852 1357 2903 aa·

143 2948 260 3005 torem
284 2949 467 3000 coerceat:
500 2925 632 3000 addidit
650 2949 787 3022 quoque
818 2926 1009 2997 Bernartius
1040 2926 1122 2999 duas
1153 2925 1194 2999 ad
1225 2927 1354 3018 Papam

142 3026 300 3111 litteras,
328 3046 420 3117 ¹quae
445 3022 521 3096 sunt
549 3031 629 3112 189.
662 3041 700 3094 et
736 3044 814 3108 190·
869 3019 946 3118 Qua
977 3021 1147 3094 relatione
1185 3039 1352 3116 accepta,

142 3134 181 3196 et
203 3118 434 3194 Cardinalium
460 3141 502 3192 ac
526 3118 779 3215 Episcoporum
804 3115 1030 3188 communicato
1062 3116 1224 3208 consilio,
1256 3120 1303 3190 Pa
1330 3142 1351 3193 a

144 3217 266 3293 eadem
298 3238 402 3304 mox,
436 3237 516 3288 cutn
542 3214 793 3308 ipsoautore,
833 3210 1009 3284 damnavit
1047 3215 1223 3311 capitula,
1263 3143 1352 3288 teie

143 3312 291 3411 epistola
317 3311 412 3404 ejus,
447 3309 608 3407 quaeest
638 3333 716 3400 194.
742 3309 785 3383 ad
817 3306 1038 3380 Bernardum.
1089 3310 1186 3405 Juffit
1212 3332 1353 3406 quoque

141 3409 178 3483 in
213 3406 275 3482 alia
306 3405 467 3503 epistola,
501 3405 751 3494 Abaelardom‚
786 3423 824 3476 et
850 3401 1037 3477 Arnalduni
1066 3407 1110 3477 de
1135 3407 1271 3493 Brixia,
1305 3409 1351 3479 de

139 3528 214 3605 quo
230 3500 370 3596 postea,
397 3501 614 3587 haereticos,
637 3499 673 3572 in
691 3498 854 3596 religiofis
878 3500 964 3573 locis
990 3500 1172 3595 separatim
1197 3500 1352 3591 includi,

141 3621 181 3675 et
205 3601 311 3672 libros
329 3621 451 3670 eorum
476 3595 646 3671 comburi.
687 3598 746 3671 Sic
768 3596 847 3670 satis
869 3593 1143 3693 praecipitanter
1167 3598 1350 3672 damnatus

141 3695 212 3786 est,
252 3712 290 3767 ut
325 3691 555 3789 Berengarius
589 3692 610 3763 l.
643 3693 704 3767 cit.
737 3692 979 3777 demonstrat,
1021 3690 1079 3765 sed
1114 3693 1233 3790 postea
1265 3717 1348 3768 cum

137 3792 313 3875 Bernardo
337 3789 540 3884 ingratiam
575 3787 702 3879 rediit,
735 3809 772 3860 et
804 3786 867 3883 ipli
899 3785 1065 3861 Pontifici
1101 3791 1349 3865 reconciliatus

137 3890 211 3979 est,
245 3908 313 3977 ope
345 3883 438 3958 Petri
470 3884 717 3971 Venerabilis,
750 3882 898 3958 Abbatis
930 3883 1181 3974 Cluniacenlis,
1225 3910 1243 3960 a
1277 3910 1349 3985 quo

133 3993 241 4065 etiarn
266 3980 421 4054 Cluniaci
446 3983 620 4076 susceptus
647 3979 717 4055 est:
752 3999 791 4053 ut
821 4004 867 4055 ex
903 3980 995 4054 Petri
1029 3978 1130 4078 epist.
1164 3980 1206 4055 ad
1239 3985 1347 4055 Inno-

129 4083 289 4187 centium
318 4078 452 4177 liquet,
486 4076 623 4174 scripto
646 4099 784 4177 quoque
807 4079 1006 4173 apologetico
1023 4076 1139 4176 ,ιιι
1161 4077 1351 4248 ‘superests,

879 4218 884 4225 ·
1327 4198 1349 4250 e
