2976 4830
117 662 190 747 408
508 639 655 741 sistatis
678 640 806 741 Eccles.
828 640 946 741 Christ.

120 830 309 929 adpulsus,
341 824 431 900 telle
455 825 712 913 Volaterrano,
742 825 880 923 linguae
895 821 1043 899 Latinae
1065 840 1104 899 et
1118 822 1349 927 ‘theologias

120 927 305 1015 incubuit,
336 922 476 996 tandem
512 922 639 993 Cretae
673 921 843 1011 substitit,
876 922 980 995 bonis
1009 922 1049 998 in
1099 944 1250 1019 superes
1269 946 1346 999 ero·

124 1028 227 1122 gatis.
275 1019 416 1116 Scripstt
443 1036 569 1090 contra
605 1038 740 1092 errores
772 1019 951 1107 Palamae,
990 1036 1028 1088 et
1077 1041 1099 1089 e
1129 1018 1343 1116 processione

126 1120 280 1218 Spiritus
302 1120 358 1204 S.,
387 1115 424 1189 in
449 1111 619 1210 opusculis
642 1113 760 1188 aureis
781 1111 940 1187 Arcudii.
989 1111 1074 1187 Alia
1100 1115 1180 1213 ejus
1199 1112 1344 1213 opuseu-

128 1222 161 1294 la
212 1232 383 1289 raetereo.

178 1243 210 1412 §p
237 1305 460 1382 cccbxlv.
493 1305 634 1379 Praeter
666 1303 731 1379 hos
757 1302 961 1399 scriptores,
987 1301 1046 1399 qui
1074 1300 1113 1376 in
1136 1324 1343 1383 controver-

129 1411 185 1487 sris
210 1429 290 1480 cum
315 1400 449 1475 Latinis
473 1401 685 1476 collocarunt
714 1423 877 1499 operam,
907 1400 1051 1476 suerunt
1071 1399 1154 1492 alii,
1178 1402 1241 1499 qui
1263 1422 1342 1477 con·

130 1499 315 1580 troversras
347 1499 438 1571 inter
461 1497 552 1593 ipsos
577 1498 731 1572 Graecos
752 1496 961 1584 transierunt,
991 1493 1153 1571 historias
1173 1499 1340 1595 conscrip-

132 1601 272 1685 serunt,
311 1593 416 1666 etin
444 1591 523 1688 jure
553 1593 725 1668 canonico
760 1592 893 1667 laudem
925 1588 1197 1687 acquisiverunt.
1251 1596 1342 1673 luter

130 1696 314 1793 Historicos
344 1690 483 1763 celebre
516 1689 635 1763 nasius
674 1686 727 1761 est
765 1711 894 1762 nomen
927 1687 1124 1779 Nicophanes
1164 1684 1340 1789 Callistus,

133 1791 300 1869 historiae
336 1783 593 1859 Ecclefiasticae
630 1783 806 1858 conditor.
869 1784 1005 1857 Floruit
1044 1781 1105 1856 suh
1139 1783 1341 1860 Andronico

132 1891 292 1973 seniore,
324 1901 361 1954 et
386 1881 574 1976 deinceps,
610 1878 715 1976 usque
738 1880 781 1954 ad
804 1878 887 1976 Joh.
903 1877 1141 1953 Cantacuzeni
1170 1901 1341 1981 tempora

131 2006 173 2061 ut
198 2007 242 2056 eu
264 1981 419 2072 catalogo
442 1973 676 2063 Pontificum,
702 1975 745 2048 ab
766 1974 842 2071 ipso
862 1993 1058 2065 contento,
1090 1976 1218 2073 liquet.
1264 1978 1343 2053 Mo·

129 2081 262 2156 nachor
289 2072 427 2146 videtur
452 2070 555 2144 suill'e
577 2070 613 2144 in
637 2073 672 2145 S.
698 2070 853 2181 Sophiae
876 2069 1068 2160 asceteri03
1091 2090 1219 2170 utrque
1243 2068 1344 2146 insi·

132 2177 311 2253 bliotheta
341 2171 376 2244 S.
402 2168 555 2263 Sophiae
580 2166 725 2241 testatur
748 2166 841 2259 rpse,
871 2169 909 2240 in
933 2164 1161 2241 dedicatione
1186 2166 1342 2243 historiae

135 2274 236 2357 suae,
271 2267 306 2340 se
328 2265 452 2338 florem
477 2264 595 2336 aetatis
621 2262 832 2356 transegisse.
884 2259 1027 2335 Exstant
1059 2260 1215 2354 lissoriae
1235 2264 1345 2339 Erch·
1374 2273 1379 2281 ’

130 2367 287 2462 ssnsticue
315 2361 392 2433 libri
422 2360 586 2446 XVlll.‚
619 2381 639 2430 a
671 2376 752 2429 nato
776 2356 917 2430 Christo
941 2359 982 2431 ad
1005 2358 1192 2434 interitum
1212 2362 1345 2449 Phocae¹

131 2488 167 2536 a.
189 2470 210 2533 6
219 2484 293 2541 to.,
320 2453 495 2549 compilati
520 2476 565 2526 ex
594 2451 776 2548 superioris
801 2454 966 2547 temporis
990 2451 1191 2545 historicis,
1212 2453 1344 2529 utilio·

134 2557 253 2643 sehin,
270 2556 436 2636 Socrate,
454 2551 674 2638 Sozornen0,
692 2546 947 2643 Philostorgio,
961 2548 1161 2625 Theodoro
1175 2548 1340 2636 hane,

138 2649 312 2745 suagrio,
346 2666 382 2716 et
413 2644 497 2717 aliis.
557 2645 655 2718 Num
693 2644 834 2716 ulterius
866 2645 1131 2720 continuaverit
1150 2644 1348 2734 historiam,

133 2750 313 2826 incertum
339 2739 401 2813 est.
453 2739 531 2835 lpse
552 2741 572 2816 l.
601 2743 628 2814 Ι.
653 2760 686 2814 c.
715 2764 746 2814 r.
772 2740 883 2828 dicit,
916 2741 951 2813 se
978 2762 1022 2810 eo
1047 2759 1210 2835 tempore
1231 2734 1343 2839 plurea'

140 2869 213 2922 non
248 2836 428 2933 scripsisse,
462 2836 519 2910 sed
552 2855 753 2933 argumenta
784 2835 947 2908 librorum
979 2834 1221 2932 sequentium,
1244 2838 1348 2934 usque'

142 2945 184 3019 ad
212 2939 369 3023 xxul,
397 2954 434 3007 et
451 2951 601 3005 mortern
621 2930 753 3004 Leonis
771 2929 1019 3028 Philosophia.
1039 2952 1147 3023 911.,
1172 2936 1346 3029 reperim

134 3061 216 3121 -tur,
250 3051 315 3105 nec
348 3050 460 3102 tamen
485 3027 637 3124 superest
661 3025 891 3101 continuatio.
938 3026 1140 3101 Novissima
1164 3029 1280 3105 editio
1302 3024 1346 3101 est

143 3126 359 3213 Parmense,
383 3125 517 3197 duobus
534 3121 769 3197 voluminibus
785 3122 820 3194 in
838 3123 924 3210 sol,
949 3143 1030 3195 cum
1047 3121 1211 3199 versione
1225 3126 1345 3225 Johan·

142 3226 194 3300 nis
219 3223 351 3317 Langi,
375 3237 413 3292 et
439 3217 624 3292 Frontonis
648 3217 781 3290 Ducaei
807 3215 1058 3312 recognitione.
1101 3218 1266 3317 Reliquit
1279 3216 1344 3318 qui·

144 3323 226 3395 dern
259 3342 302 3390 ex
325 3312 443 3404 bonis,
469 3317 526 3410 qui
553 3313 732 3410 perierunt
755 3312 998 3408 scriptoribus,
1023 3312 1114 3387 haud
1140 3314 1344 3410 spernenda,

148 3437 185 3490 ct
226 3413 313 3512 llylo
348 3413 459 3483 utitur
490 3410 580 3484 baud
615 3410 832 3504 inelegante,
864 3408 921 3483 sed
945 3407 1067 3482 sabulis
1092 3407 1273 3487 historiam
1299 3410 1344 3484 ni-

145 3513 214 3588 mis
236 3504 513 3582 commaculavit.
565 3503 684 3578 Exstat
709 3524 890 3598 praeterea
914 3503 986 3598 ejus
1012 3502 1191 3603 catalogus
1213 3508 1343 3605 lupen·

146 3629 262 3683 torum
292 3624 329 3675 et
359 3601 633 3675 Patriarcharum
660 3599 814 3674 versibus
833 3597 1013 3695 jamnitis,
1036 3604 1131 3697 apud
1152 3602 1345 3697 Labbeum,

144 3703 365 3793 inadparatu
392 3696 557 3768 historiae
583 3696 803 3791 Byzantinae.

196 3798 228 3897 §-
254 3792 457 3868 CCCLXV.
484 3789 662 3863 Historiae
695 3787 908 3865 Universalis
927 3788 1172 3867 conditoribus
1196 3788 1367 3873 accense‘

146 3899 178 3975 ri
203 3894 287 3968 solet
320 3885 497 3959 Theodorus
523 3886 725 3976 Metoclrita,
749 3907 893 3982 magnus
918 3887 1121 3984 Lugotheta
1139 3890 1202 3965 sub
1219 3890 1349 3968 Andro

148 3997 232 4070 nico
251 3984 410 4072 Seniore,
447 3988 490 4057 ab
512 4007 541 4056 a.
565 4005 690 4075 1314„
723 3982 778 4056 cui
806 3982 942 4073 semper
964 3980 1087 4057 mansit
1101 3982 1236 4080 fidelia,
1254 3988 1351 4064 αἰω

149 4087 330 4201 postquam
355 4085 399 4162 ab
421 4078 629 4160 Andronico
650 4078 729 4178 jun.
752 4076 841 4159 effes
862 4078 992 4156 throrm
1004 4077 1230 4179 deturbatus,
1254 4101 1362 4249 wel
1372 4076 1376 4083 ’
