3022 4806
533 587 556 657 ,·
656 567 769 673 δεσποί,
785 507 922 683 ,ΜΙ
962 648 967 659 ,,
1295 579 1370 665 5³⁶5

144 745 351 847 Syriacam,
376 763 413 819 et
447 741 637 819 Bibliorum
659 746 810 820 editioni
834 744 1168 845 Regiaepraesuit,
1193 771 1259 823 nna
1284 773 1365 827 cum

144 848 239 922 Aria
262 847 452 920 Montano.
500 842 664 915 Ceterum
690 841 760 915 fuit
783 845 989 931 orabamus,
1015 845 1047 940 J.
1074 844 1121 917 U.
1149 844 1302 934 Dosinr,
1328 865 1371 920 et

143 940 340 1017 Cliviorum
360 937 501 1043 Ducit
524 936 696 1022 confisiii5
721 961 880 1013 mortuus
903 963 933 1014 a.
963 962 1067 1035 1573·
1092 939 1213 1013 Sociur
1238 941 1312 1038 ejus
1329 941 1370 1015 in

137 1039 346 1114 adornanda
384 1032 548 1121 editione
595 1031 785 1119 Biblioruui
828 1033 1160 1128 Autverpiettsium,
1200 1037 1371 1121 sumtibus

137 1133 236 1212 ,eniri
260 1132 298 1227 pi
340 1131 416 1218 ii,
449 1126 515 1200 suit
545 1129 734 1202 Benediiitts
767 1133 869 1204 Arias
903 1133 1104 1218 Montanus,
1128 1130 1363 1229 Hispalensst,

147 1232 214 1313 Do
249 1249 289 1301 or
315 1223 539 1320 i'heologui,
563 1247 583 1296 a
609 1223 771 1321 Philippo
795 1230 832 1301 in
859 1228 966 1299 aulam
990 1246 1172 1320 receptus,
1197 1250 1233 1302 er
1261 1228 1366 1303 Ordi-

140 1329 189 1410 ,ω’
207 1318 516 1416 ’ωἰΙίιὶῆᾳΙαεοὸί
556 1319 757 1416 adscriptus.
807 1318 1038 1415 Antverpiam
1081 1345 1169 1396 vero
1209 1347 1228 1397 a
1263 1325 1366 1420 Rege

146 1414 486 1510 misius,editi0nem
495 1413 689 1491 Bibliorum
707 1415 789 1490 otio
808 1418 1021 1505 tomis,cum
1041 1417 1194 1514 quinque
1215 1420 1364 1515 linguis„

145 1519 337 1602 Hebraea,
359 1511 546 1600 Chaldaea,
572 1512 726 1599 Graeca,
750 1512 909 1610 Syriaca,
936 1534 973 1584 et
990 1515 1115 1588 Latina
1130 1516 1367 1610 procuravitp

145 1613 275 1700 addito
294 1608 337 1686 ad
361 1605 452 1680 sacra
476 1604 582 1681 biblia
607 1610 779 1701 adparatu.
819 1606 961 1703 Scripsit
983 1632 1161 1704 praeterea
1185 1634 1367 1686 commeo·

142 1730 218 1797 ‚tau
247 1707 286 1782 iu
309 1705 469 1802 Josuam,
495 1702 660 1798 Judicum
685 1703 830 1792 librum,
857 1706 1002 1799 triginta
1033 1703 1167 1800 primos
1191 1708 1365 1799 Psalmos,

149 1802 322 1905 Jesaiain,
356 1799 544 1872 duodecim
571 1799 783 1896 Prophetae,
817 1821 965 1895 quatuor
995 1799 1197 1896 euangelia,
1223 1823 1259 1874 et
1283 1803 1366 1879 reli·
1442 1878 1447 1885 ,

147 1921 242 1998 quoi
275 1896 323 1972 N.
351 1895 399 1968 T.
424 1891 539 1968 libros.
587 1894 753 1969 Retinuit
776 1917 862 1967 vero
886 1894 1081 1970 versionem
1105 1896 1272 1992 Pagnini,
1306 1896 1369 1974 sed

147 1994 267 2092 magio
295 1993 409 2077 adbuc
441 1990 482 2063 ad
512 1987 663 2065 litteram
696 1989 920 2078 reformarit,
946 1993 1068 2087 potius
1096 1992 1277 2082 corrupit,
1301 1992 1366 2079 mi·

149 2099 286 2186 riuique
310 2083 457 2161 reddidit
487 2083 757 2183 intelligibilem.
804 2087 884 2159 Fuit
914 2110 1001 2160 vero
1032 2088 1084 2160 vir
1108 2087 1299 2182 linguarum
1326 2104 1369 2167 et

149 2184 416 2281 Antiquitatum
439 2180 586 2276 peritur,
614 2205 652 2255 ur
678 2184 734 2255 vei
756 2203 862 2278 opera
883 2180 1075 2272 testantur,
1100 2181 1195 2254 simui
1220 2184 1260 2256 ad
1286 2176 1389 2258 cau?

144 2286 224 2363 sam
257 2277 440 2353 dicendam
470 2276 594 2351 citatur
625 2279 798 2362 Romam,
822 2277 887 2352 viri
920 2280 1060 2351 veniam
1086 2277 1287 2372 inpetravit.
1315 2281 1368 2356 O·

142 2378 224 2458 biit
246 2400 277 2451 a.
305 2381 410 2466 1598.
442 2372 577 2447 Nobile
603 2395 740 2470 quoque
761 2368 811 2447 est
835 2374 930 2448 inter
954 2374 1108 2448 eruditos
1135 2394 1262 2450 nomen
1289 2375 1367 2450 Fla·

148 2477 243 2554 mi'nii
267 2474 410 2557 Nobitii,
435 2464 620 2557 Lucensis3
646 2469 727 2566 qui,
754 2471 1114 2565 praeterquamquod
1140 2474 1284 2547 multam
1310 2476 1366 2548 iu·

147 2568 317 2670 penderit
348 2588 490 2663 operam
523 2562 670 2637 editioni
697 2565 797 2640 LXX
824 2567 1058 2662 interpretum
1084 2565 1177 2640 Sixti
1204 2569 1275 2659 V.,
1292 2593 1364 2644 ce·

146 2669 282 2746 lebrem
314 2662 385 2749 sese
417 2661 576 2755 praebuit
599 2683 731 2757 opere,
762 2684 833 2756 quo
855 2681 1017 2736 veterem
1042 2659 1236 2735 versionem
1268 2665 1368 2739 Lati·

146 2785 231 2838 nam
255 2756 438 2831 restituere
461 2773 605 2829 conatur
629 2755 679 2829 est
702 2779 722 2828 e
748 2759 882 2831 Pattum
906 2756 1150 2846 citationibus,
1175 2777 1210 2828 et
1236 2759 1371 2831 versic·

140 2884 200 2946 uie
233 2854 330 2928 LXX
363 2855 610 2946 interpretum.
663 2850 766 2948 Quod
792 2873 871 2922 cum
897 2850 991 2926 notis
1015 2849 1146 2944 prodiit
1170 2852 1306 2926 Romae
1330 2877 1362 2927 a.

151 2960 262 3045 1588.
296 2947 435 3042 Scripsit
467 2968 502 3018 et
533 2947 617 3035 alia,
642 2945 713 3018 sive
746 2943 966 3036 doeirinalia,
992 2945 1063 3020 sive
1088 2946 1252 3038 moralia,
1277 2970 1365 3044 quae

142 3052 268 3128 mitto.
318 3047 485 3119 Mortuus
507 3037 558 3113 est
580 3066 610 3116 a.
639 3064 741 3132 1599.
769 3043 941 3116 Omnibus
964 3040 1038 3115 sere
1062 3043 1099 3119 in
1125 3042 1262 3140 linguae
1286 3047 1362 3123 Her

146 3150 272 3227 bracae
304 3137 428 3215 uotiria
469 3137 614 3229 palmam
649 3136 841 3232 praeripuit
874 3137 1047 3232 Joiiartrtrs
1080 3139 1253 3216 Mercator
1277 3144 1362 3217 Uti·

147 3238 261 3329 ceufit
292 3237 330 3311 in
370 3232 603 3328 Septimania,
629 3232 970 3331 Prosefforiinguae
1002 3231 1101 3309 istiut
1132 3238 1290 3327 Parisiis,
1325 3258 1366 3313 et

145 3332 320 3417 successor
352 3327 515 3412 Vatabli,
546 3352 609 3423 per
640 3352 744 3425 quern
777 3330 818 3400 ad
843 3329 980 3424 linguae
1006 3327 1103 3403 istius
1127 3326 1296 3420 studium,
1324 3355 1365 3420 et

144 3432 348 3525 ,scripturae
365 3425 567 3514 tectionem,
584 3424 769 3508 adduiius,
794 3423 1116 3520 Jurisprudentiae,
1139 3430 1196 3499 cui
1216 3430 1364 3506 destina·

146 3549 208 3604 tut
231 3545 328 3615 erat,
352 3543 390 3595 et
413 3520 451 3595 in
474 3544 540 3616 qua
565 3520 727 3630 egregios
748 3519 881 3594 secerni
899 3519 1109 3618 progressus.
1137 3526 1267 3599 nuncio
1284 3527 1362 3600 mis·

151 3622 216 3715 so,
241 3618 312 3696 sese
337 3638 450 3690 toturn
475 3613 615 3687 tradititt
643 3617 779 3710 linguae
803 3615 1010 3707 Hebraeae,
1037 3636 1074 3689 et
1090 3621 1288 3718 scripturae
1304 3625 1367 3713 S.·,

148 3741 313 3798 mortuus
351 3737 382 3789 a.
420 3734 524 3802 ¹570·
558 3708 703 3785 Exstant
742 3712 821 3805 ejus
849 3713 1092 3789 commentarii.
1118 3716 1155 3790 in
1190 3718 1366 3810 Genesin,
1420 3785 1424 3793 ,

146 3818 300 3990 {obuum
338 3805 591 3898 Ecclesiasten,
627 3807 810 3880 Canticum
849 3809 1099 3898 canticorum,
1141 3830 1176 3883 et
1216 3815 1365 3911 quinque

184 3910 349 4001 rophetar
372 3906 545 3978 minores:
573 3925 618 3975 ne
641 3901 787 3976 aliorum
813 3903 1055 3999 opuscuiorum
1081 3908 1216 3997 Hebe,
1244 3909 1365 3985 Cbaid.

151 4025 194 4085 et
222 4007 303 4104 Syr.
331 4000 550 4079 mentionem
578 3996 905 4193 saciailrpbbigogum
938 4002 1080 4103 quiden
1103 3998 1198 4079 iuter
1221 4004 1372 4095 haereti.

847 4126 850 4134 '
1313 4122 1379 4182 80⁸
