3022 4806
127 612 176 693 54
398 600 402 609 '
506 583 655 688 Historia
678 580 805 684 Eccles.
829 583 946 688 Christ.

131 779 173 854 ,in
191 774 259 850 sola
274 761 586 846 transubstantiare
603 763 768 855 fundata,
792 762 850 839 sed
868 781 904 838 et
921 762 960 839 in
977 761 1112 840 unione
1130 763 1276 844 divinae
1294 788 1350 846 na·

136 893 234 948 turae
256 890 335 944 cum
361 861 568 953 elementis,
592 863 682 936 adeo
708 879 774 952 ot,
798 862 890 936 salva
912 864 1013 958 patria
1038 880 1075 935 et
1100 861 1176 937 vini
1200 864 1350 955 substan,-

137 971 206 1061 tia,
238 971 345 1041 etiam
386 956 621 1055 superstitiose
650 955 787 1032 admitti
820 955 990 1055 potuerit.
1042 957 1211 1057 Denique
1240 985 1277 1053 4,
1310 958 1350 1037 in

139 1065 284 1163 Synodo
308 1052 517 1133 Eboracensr
538 1056 581 1126 ab
605 1055 759 1152 liugane
785 1051 1021 1152 cantuarienfi
1045 1054 1328 1154 archiepiscopo

133 1184 178 1236 et
194 1163 327 1254 Legato
344 1156 472 1246 Papae,
495 1151 685 1239 celebrata,
717 1172 748 1224 a.
777 1170 907 1239 1191.,
934 1149 1099 1230 sancitum
1122 1149 1194 1245 est,
1220 1166 1257 1225 ut
1279 1158 1352 1228 lra-

139 1263 191 1332 tia
225 1262 257 1327 in
281 1252 398 1348 pyxide
423 1247 539 1317 munda
565 1245 761 1338 referretur,
792 1259 824 1316 rt
839 1243 983 1340 fingalr'r
1005 1247 1189 1322 Dominicis
1221 1271 1351 1324 renove-

140 1373 215 1441 tur,
250 1350 388 1445 quoties
414 1363 499 1413 vero
523 1341 729 1414 communio
745 1427 747 1433 ¹
762 1339 909 1416 infirmis
931 1339 1027 1416 eliet
1059 1343 1277 1434 exhibenda,
1312 1362 1351 1420 ut

140 1447 298 1522 sacerdos
336 1444 369 1511 in
401 1438 547 1509 clericali
578 1439 694 1509 lralira
726 1437 860 1528 ltiliiam
887 1434 1039 1526 deferat,
1078 1439 1196 1513 lamina
1218 1454 1354 1536 'praect-

141 1548 244 1618 dente.
296 1536 383 1610 Vid.
410 1535 541 1627 Roget.
566 1532 609 1604 de
632 1533 811 1623 Hoveden
829 1535 865 1604 in
892 1533 1072 1607 Richardo
1088 1534 1117 1608 l.
1167 1557 1204 1624 5.
1223 1539 1264 1609 ln
1287 1559 1354 1632 ge·

140 1662 224 1714 nere
247 1651 406 1718 notetur,
439 1631 666 1715 sacramenta,
698 1626 844 1724 proprie
865 1626 977 1717 diila,
1010 1653 1029 1702 a
1053 1631 1160 1702 Petro
1182 1630 1355 1707 Lombar·

141 1737 188 1808 do
211 1731 253 1806 ad
278 1724 510 1824 septenarium
537 1743 718 1796 numerum
740 1720 897 1811 redadia,
930 1722 1001 1796 hoc
1025 1721 1141 1798 seculo
1165 1730 1208 1800 ab
1232 1726 1353 1836 Euge·

142 1829 205 1904 nio
236 1829 324 1920 Papa
355 1819 456 1894 soille
484 1818 630 1906 sancita,
680 1835 717 1889 et
746 1819 904 1915 catalogo
935 1818 1158 1894 articulorum
1186 1819 1271 1899 fidei
1299 1845 1356 1902 rn-

142 1928 254 2016 serta,
278 1938 317 1993 ut
332 1940 377 1991 err
395 1916 648 2015 instralliomras
674 1913 768 2010 ejus,
792 1914 958 1988 Armenia
984 1915 1090 2007 datia,
1118 1915 1242 2016 liquet.

431 2103 672 2184 neormam
693 2105 762 2180 ar
784 2069 1073 2183 maerorum.

136 2315 145 2340 ³
188 2309 222 2407 ς.
247 2301 381 2378 XLVI.
416 2301 561 2373 Urbano
584 2295 740 2369 succeffit
756 2295 926 2391 Pasclalis
943 2297 1007 2388 ll.,
1032 2314 1134 2372 antea
1149 2296 1355 2395 Raineriur,

141 2405 202 2482 seu
225 2393 478 2493 Ragingeriur,
519 2389 704 2463 Cardinalis
728 2391 932 2486 Presbyter,
975 2415 1006 2464 a.
1035 2415 1161 2484 1099„
1189 2393 1357 2491 Gregorii

141 2499 228 2576 Vll.
255 2490 442 2583 discipulus
458 2505 495 2560 et
517 2483 684 2574 sedator,
708 2506 750 2559 ac
770 2485 939 2562 haeresror
955 2487 1253 2565 Hildebrarrdioae
1271 2490 1356 2566 stro-

142 2615 231 2672 nuus
253 2582 415 2662 defensor
438 2601 475 2657 et
499 2599 702 2679 promotor,
734 2582 793 2679 qui
817 2605 945 2657 nomen
977 2584 1073 2664 suum
1097 2585 1187 2658 haud
1212 2608 1280 2662 una
1304 2613 1358 2664 ra·

144 2693 244 2765 tione
268 2679 421 2755 reddidit
447 2675 714 2751 celeberrimum
737 2698 775 2752 et
792 2678 1025 2754 formidabile.
1077 2679 1244 2756 Refertur
1261 2683 1357 2758 Pon·

143 2786 317 2862 tificatum
343 2773 522 2868 suscepille
545 2772 697 2860 invitus,
737 2796 804 2846 nec
828 2772 890 2847 nist
918 2772 1096 2872 postquam
1127 2775 1356 2854 adclamatum

143 2882 250 2970 ellet,
275 2873 464 2969 Posalalem
486 2871 612 2962 Papam
634 2869 671 2941 S.
699 2869 817 2942 Petras
842 2871 959 2964 elegit3
988 2888 1026 2943 ut
1050 2870 1268 2968 Pandulphua
1295 2873 1354 2950 Pi·

143 2979 264 3063 sanus,
288 2989 385 3042 autor
408 2970 496 3040 ritae
520 2967 615 3060 ejus,
640 2988 659 3038 a
684 2966 836 3040 Baronio
854 2965 912 3039 sub
936 2971 1086 3062 anonymi
1103 2967 1246 3042 nomine
1272 2970 1357 3044 cita·

143 3090 219 3158 tus,
244 3086 281 3139 ut
301 3062 379 3157 Pagi
403 3062 445 3136 ad
470 3083 500 3135 a.
528 3084 633 3137 rroo.
658 3065 803 3157 probat,
830 3058 989 3159 (Petrum
1018 3061 1172 3135 Pisanum
1192 3084 1355 3142 autorem

144 3168 240 3244 vitae
273 3158 370 3235 fuilie
401 3158 520 3231 censet
551 3156 806 3250 papebrochius
839 3161 875 3230 in
912 3151 1029 3229 conata
1062 3157 1157 3233 Hist.
1195 3159 1354 3254 chron„

146 3262 208 3338 ubi
228 3259 334 3331 etiam
359 3277 403 3328 ex
428 3253 511 3329 Mil.
527 3251 700 3349 reperitur
710 3248 740 3350 ,)
766 3251 891 3327 refert:
917 3252 976 3349 qui
994 3253 1101 3326 etiam
1124 3253 1237 3349 addit,
1261 3257 1357 3334 elec·

148 3359 284 3434 tionem
310 3353 384 3447 ejus
407 3351 477 3445 jam
504 3366 582 3423 ante
616 3345 717 3421 fuiffe
747 3348 915 3435 Alberto,
954 3348 1120 3422 Aletrino
1154 3350 1358 3449 Episcopo,

146 3452 315 3530 divinitus
340 3449 537 3519 revelatam.
588 3441 728 3516 Eleiios
750 3444 788 3517 in
814 3442 983 3519 Basilicam
1008 3445 1276 3522 Laterarrensem
1295 3451 1357 3525 de·

147 3548 270 3624 durrus
294 3542 361 3629 est,
386 3542 548 3637 chlamyde
576 3542 724 3615 coccinea
749 3542 900 3630 indatus,
924 3564 1005 3615 cum
1028 3541 1138 3613 tlriara
1163 3543 1355 3638 incapite,
1383 3599 1385 3603 ψ

53 3732 60 3738 ,
144 3645 264 3741 ibique
290 3636 561 3723 inthronizatus,
594 3657 629 3707 et
653 3636 820 3733 sequente
845 3635 905 3709 die
936 3634 1158 3712 consecratus
1177 3639 1214 3712 in
1238 3631 1356 3717 Balili·

148 3761 190 3816 οι
216 3737 409 3817 Vaticana,
433 3754 474 3805 ac
499 3750 683 3804 coronatur
705 3730 747 3803 ad
773 3729 1018 3804 Patriarchium
1042 3733 1274 3808 Lateranense
1298 3737 1354 3811 so·

144 3832 294 3914 leoniter
318 3827 449 3903 dacius.
497 3827 675 3918 Singulare
698 3823 770 3911 est,
796 3845 896 3914 eum,
921 3827 1012 3899 inter
1034 3830 1114 3904 alias
1137 3829 1356 3906 inthroniza-

146 3932 254 4009 tionis
278 3919 524 4011 caerimoniar,
557 3918 655 3992 fuiffe
686 3919 813 3993 baltheo
845 3921 1080 4012 succinorum,
1112 3946 1191 4001 cum
1219 3931 1252 3999 le
1280 3941 1353 4003 tem

145 4032 188 4107 ab
213 4048 258 4103 eo
279 4018 511 4127 pendentibus
525 4016 696 4107 claribus,
720 4032 758 4090 et
777 4015 926 4093 totidem
942 4016 1087 4115 stgillis,
1111 4043 1153 4094 ex
1169 3951 1353 4121 quasitot,

1243 4136 1358 4219 roqurt
