2976 4830
444 552 448 563 '
494 559 601 640 nen.
629 558 737 641 xnt
935 510 938 516 ⁸
1183 586 1267 650 eu

91 795 103 833 ,
135 738 178 818 ab
202 733 432 838 inperialiboe
453 729 616 832 detenta,
657 738 696 814 in
718 735 929 836 potestatem
960 734 1052 815 sedit
1072 739 1252 822 Romanae

91 838 241 926 lierunt,
272 836 357 910 licet
378 832 581 924 difficulter,
615 858 695 909 cum
718 838 841 933 jugum
867 834 1089 910 Pontificium
1113 839 1248 915 detrec.

91 954 181 1008 eut:
222 931 378 1006 inmissus
408 932 526 1028 iraque
556 929 607 1005 est
638 932 674 1004 in
706 932 889 1005 Bononiae
919 953 961 1004 ac
991 931 1246 1010 Romandiolae

91 1026 295 1104 ll'effionem.
344 1029 479 1122 Inpulit
502 1028 688 1117 Catulum,
708 1027 851 1103 ‘Siciliae
876 1049 1017 1123 regem,
1052 1048 1092 1100 ut
1119 1033 1246 1105 vicari·

91 1148 138 1199 nn
169 1123 357 1212 Etruriae,
385 1122 443 1218 qui
477 1121 559 1216 juris
589 1143 665 1196 erat
697 1123 929 1218 inperatoris,
962 1142 1000 1195 et
1031 1122 1245 1219 dignitatern

91 1221 243 1295 laturiam
265 1217 472 1313 deponeret.
522 1217 730 1293 Vindicavit
754 1241 891 1315 quoque
924 1239 1001 1292 earn
1034 1219 1248 1316 dignitatem

91 1315 122 1407 i,
147 1317 242 1389 edita
259 1311 529 1401 constitutione,
555 1336 600 1387 ne
617 1315 693 1410 quis
710 1313 955 1387 eminentioris
970 1312 1243 1411 dignitatiseam

91 1433 187 1508 puarn
210 1410 347 1498 obiret,
371 1425 410 1481 et
432 1426 488 1496 ut,
515 1410 572 1505 qui
597 1411 638 1482 ad
662 1433 739 1482 eam
765 1410 1025 1484 adsumerentur
1048 1409 1128 1503 alii,
1152 1413 1246 1493 haud

91 1529 131 1580 ra
158 1528 306 1589 annum,
338 1504 411 1578 stne
435 1504 583 1597 publicis
613 1505 700 1579 sedit
731 1503 954 1600 Apostolicae
985 1507 1132 1598 litteris,
1165 1534 1244 1590 eam

91 1621 267 1676 eruerent:
292 1599 367 1693 ipse
395 1620 481 1671 vero
503 1621 577 1671 eam
602 1601 640 1672 in
666 1604 700 1673 le
724 1599 874 1674 conferri
902 1600 1012 1691 fecit,
1038 1621 1076 1673 et
1100 1627 1164 1698 per
1190 1606 1245 1682 vi.

91 1697 155 1773 noe
175 1693 437 1771 administravit.
485 1693 571 1770 Vid.
597 1695 760 1769 Gulielm.
786 1696 830 1768 de
861 1695 1002 1793 Nangie
1037 1694 1076 1770 iu
1109 1701 1243 1780 Cliton.

91 1811 157 1869 ttor
202 1813 316 1888 uoque
341 1787 394 1863 est
416 1788 677 1864 constitutionis
697 1793 734 1864 in
770 1791 860 1865 Vlro
891 1792 1151 1884 Decretalium,
1185 1798 1242 1880 tit,

102 1888 146 1964 El
205 1889 308 1976 ione,
341 1904 429 1981 quae
450 1885 575 1961 habet:
606 1887 738 1961 Petrum
769 1891 803 1960 in
832 1887 1024 1985 consortium
1058 1890 1244 1968 individuae

91 1986 173 2058 laris
198 1979 352 2079 adsnmſsr
375 1980 487 2068 Dens,
511 1984 563 2071 id,
581 1986 662 2077 qnod
677 1984 742 2079 ipse
759 2001 840 2057 erarv
854 1985 1035 2071 Dominus,
1059 1987 1158 2058 noluit
1182 2012 1239 2060 ne·

91 2084 158 2156 reri
167 2135 178 2170 ,
196 2080 346 2166 dicendo,
371 2093 407 2150 ru
429 2098 463 2148 er
478 2076 597 2150 Petrus
614 2098 707 2164 ern,
734 2093 770 2152 nr
785 2083 827 2149 ab
845 2080 911 2174 ipso
929 2077 1020 2175 quast
1036 2082 1142 2174 capite
1157 2082 1242 2157 done

91 2181 209 2250 tnelnr
234 2181 267 2247 in
291 2193 406 2268 corpus
429 2194 518 2244 nenne
539 2172 749 2270 diffunderet.
798 2175 840 2246 ln
873 2177 938 2248 alia
969 2172 1243 2272 constitutione,

91 2292 143 2348 rm
166 2271 318 2345 Bzoviue
341 2291 370 2341 a.
400 2279 506 2347 1280.
532 2269 711 2357 recenset,
738 2269 888 2342 Romam
910 2269 1059 2365 adpellat
1079 2274 1245 2350 cinitonem

91 2370 213 2458 eiiam,
235 2362 485 2462 Iderosolyrnaen
501 2387 636 2454 nonem,
654 2363 890 2461 descendentem
904 2367 943 2439 de
958 2365 1116 2442 coeleetc.
1168 2371 1244 2448 De·

91 2484 165 2562 tue,
189 2460 282 2559 quod
305 2481 434 2533 nomen
459 2459 531 2555 ejus
551 2460 681 2534 infame
704 2460 809 2549 fecit,
837 2479 958 2549 autor,
974 2460 1089 2535 saitem
1116 2487 1243 2561 appro-

91 2580 165 2646 :or‚
184 2559 253 2632 luit
276 2554 527 2652 conjurationis
553 2556 688 2630 Siculae
709 2556 744 2629 in
764 2557 903 2646 Gallos,
928 2579 1014 2653 quae
1041 2556 1159 2653 postea
1179 2563 1242 2641 sub

91 2649 204 2727 nrtino
240 2651 430 2727 horrendas
460 2650 534 2722 illas
569 2648 728 2749 Vesperas
753 2655 901 2726 Siculae
932 2651 1120 2747 produxit,
1154 2655 1242 2736 licut

91 2771 164 2827 rnen
177 2746 352 2836 historici,
377 2767 447 2819 non
466 2764 598 2820 tantum
620 2747 766 2837 Franci,
793 2749 850 2822 sed
876 2767 914 2820 et
937 2746 1015 2820 ltali
1041 2768 1084 2819 ac
1108 2749 1241 2845 Siculi,

91 2842 226 2922 hatur.
273 2843 358 2916 Erat
381 2860 497 2915 autem
522 2844 665 2934 Catulo,
690 2843 848 2916 modesto
871 2844 952 2916 licet
974 2839 1145 2938 Principi‚
1171 2852 1245 2922 val·

91 2940 286 3030 ¹infensor,
312 2939 425 3035 quod,
450 2959 531 3009 cum
556 2938 663 3012 filiam
684 2941 759 3033 ejus
781 2961 847 3034 pro
863 2937 1009 3032 Nepote
1026 2937 1088 3010 suo
1104 2958 1245 3032 peteret

104 3059 274 3127 uxorem,
299 3031 466 3128 repulsam
483 3033 620 3120 tulerit,
646 3035 770 3108 Catulo
787 3034 1046 3129 respondente,
1065 3032 1126 3128 etſs
1141 3039 1245 3112 Nice·

91 3158 118 3210 rs
132 3133 262 3207 calceis.
280 3133 386 3205 endrir
413 3148 578 3218 uteretur,
595 3134 668 3237 ejus
683 3130 997 3240 tarnensnngninem
1013 3131 1179 3242 indignum
1195 3134 1247 3232 es·

91 3221 1039 3419 tillisi‘llllillnslltitillans.
1069 3225 1257 3407 lille:

91 3420 161 3507 liae
195 3420 274 3493 suae
306 3416 563 3511 amplificandae
594 3417 682 3489 adeo
711 3415 906 3504 studiosus,
949 3436 988 3488 ut
1025 3418 1247 3583 puascunque

91 3517 232 3618 gnitates
255 3531 294 3589 et
316 3513 451 3587 divitias
472 3512 508 3586 in
531 3512 610 3586 suot
631 3510 797 3585 studuerit
820 3511 994 3600 conferri,
1042 3511 1085 3584 ed
1108 3534 1146 3587 et
1170 3516 1246 3592 ani.

91 3610 299 3703 evolverit,
325 3609 393 3684 duo
415 3631 523 3704 regna
545 3609 587 3682 ad
611 3606 777 3681 familiam
802 3609 893 3681 suam
910 3604 1115 3698 transferre,
1139 3609 1246 3686 Etru·

91 3732 123 3785 te
150 3706 286 3784 scilicet
319 3727 355 3780 et
384 3706 638 3794 Lornbardiae‚
663 3727 751 3800 quae
776 3702 955 3799 cogitabat
988 3698 1153 3798 erigere,
1189 3706 1246 3784 sed

91 3822 160 3880 nte
183 3823 396 3899 praeventus
417 3798 478 3876 est.
530 3800 618 3877 Vid.
641 3801 861 3885 Ptolemaeus¹
883 3798 1065 3891 Lucensis,
1098 3817 1135 3874 et
1168 3803 1248 3899 Jor-

109 3921 149 3974 ur
171 3897 262 3994 apud
285 3895 514 3992 Raynaldum.

114 3994 375 4075 .'.CLXXX1X.
401 3994 575 4089 Martinus
588 3995 698 4195 {les}
723 3992 859 4086 Gallus,
884 3988 1057 4070 successor
1088 3993 1181 4165 edm}
1185 3992 1255 4175 2081}
