2976 4830
624 116 727 188 deusd.
755 113 862 185 Xlll.
1285 136 1354 207 233

179 288 211 384 §L
242 291 310 364 CC.
337 291 449 384 Papa,
476 290 526 363 his
550 293 678 365 litteris
704 293 744 364 ad
762 315 840 364 eum
863 287 1000 376 delatis,
1031 289 1151 383 primo
1179 292 1344 384 conques-

127 403 187 457 tus
212 386 286 476 est,
320 387 443 459 coabio
468 389 692 477 consistori0,
724 389 860 460 litteras
886 389 959 460 suas
991 386 1033 457 ab
1063 384 1219 457 inimicis
1248 385 1345 480 pacis

128 479 205 553 elle
234 480 384 567 falsatas,
414 505 495 556 cum
521 506 595 556 non
622 480 819 578 scripserit,
854 499 894 554 ut
919 482 986 555 illis
1005 479 1041 553 in
1060 479 1187 553 litteris
1206 479 1277 576 legi
1303 476 1343 550 sr-

130 577 170 648 br'
194 574 302 670 (licet
326 575 428 667 salso,
454 601 533 651 cum
558 581 663 651 verba
688 602 728 652 ea
755 577 805 650 ibi
831 600 903 651 non
931 570 1162 672 reperiantur)
1196 578 1341 649 relatum

131 668 207 758 est,
238 674 397 764 quadres
421 677 658 768 recognojceret
685 697 818 768 regnum
849 696 871 744 a
902 674 1017 766 Papa,
1051 670 1134 744 dein
1169 671 1344 764 declarat,

121 764 165 862 se
193 770 275 838 nulle
304 764 457 860 usurpare
479 773 732 866 jurisditionem
757 771 863 863 regis,
889 774 1034 840 attume'u
1059 790 1165 862 regem
1192 765 1251 863 effi
1275 767 1343 839 Pa·

126 883 191 957 pue
205 860 391 957 subjectum
413 873 538 937 ratione
560 869 711 957 peccati,
738 863 891 956 esposse
915 862 1041 957 Papam
1060 863 1105 935 de
1132 870 1230 936 omni
1254 881 1343 937 tem·

131 959 242 1053 porali
266 959 420 1052 judicare
445 963 603 1054 respeilu
628 957 786 1054 peccati,
811 961 885 1030 iano
908 957 973 1054 ipss
998 980 1137 1030 ornnem
1162 979 1343 1053 compete·¹

130 1073 168 1122 re
189 1051 467 1146 jurisdictionem
494 1058 728 1151 temporalem
753 1055 907 1149 dejure,
935 1053 1015 1149 quia
1035 1053 1198 1128 Vicarius
1214 1052 1344 1128 Christi

133 1146 204 1238 est,
235 1148 293 1242 qui
322 1152 424 1221 vivos
442 1150 657 1245 judicaturus
683 1147 733 1222 est
761 1169 799 1221 et
823 1169 1001 1232 mortuos,
1023 1147 1080 1220 sed
1109 1171 1183 1221 eam
1217 1151 1260 1221 de
1285 1177 1342 1223 m·

133 1260 191 1330 tu,
218 1263 255 1316 et
273 1242 470 1333 exercitio,
491 1247 646 1341 Regibus
663 1246 731 1319 else
748 1244 961 1332 concessam,
988 1243 1068 1339 quia
1083 1244 1188 1316 Petro
1208 1245 1342 1317 dissum

133 1338 204 1424 est,
241 1355 385 1415 conuerte
416 1343 564 1432 gladium
596 1346 629 1410 in
660 1344 826 1434 vaginam.
874 1339 1049 1435 Adiungit
1085 1339 1254 1435 denique,
1280 1340 1341 1412 dc·

134 1434 287 1508 cessores
312 1436 387 1506 suos
410 1436 644 1508 exantloralle
668 1456 739 1508 tres
768 1436 884 1528 Reges
908 1434 1074 1507 l'ranciae
1103 1430 1257 1530 (dequo
1293 1456 1344 1506 ta·

133 1553 214 1605 men
241 1528 328 1603 nibil
344 1552 389 1602 ex
413 1529 562 1603 historia
573 1529 708 1603 constat
721 1530 751 1622 ,)
776 1531 979 1625 Philippum
999 1553 1087 1602 vero
1105 1529 1249 1622 patralle
1293 1552 1342 1626 ras

132 1628 250 1715 viora,
276 1643 484 1718 quapropter,
519 1625 655 1719 inquit,
682 1649 745 1696 ‚uos
775 1624 1002 1719 deponeremus
1027 1645 1133 1717 regem
1157 1630 1225 1711 ira,
1253 1552 1343 1715 sirm

135 1748 231 1810 unum
255 1720 457 1794 Gurciuuem.
507 1719 633 1793 Insistit
656 1718 810 1813 denique
837 1720 998 1791 mandato
1022 1720 1066 1791 de
1100 1719 1200 1791 Clero
1234 1720 1344 1793 Gallia

131 1840 221 1892 cano
247 1816 399 1890 Romam
424 1834 587 1890 uenturo.
637 1816 692 1889 Ex
719 1814 845 1909 quibus
879 1814 971 1886 clare
1002 1809 1159 1902 constat,
1193 1816 1342 1911 Papam,¹
1395 1822 1397 1826 ‘

135 1912 195 1988 etli
229 1912 337 1983 verba
368 1911 601 2001 emolliverit,
635 1933 674 1982 re
709 1933 794 1984 uera
827 1908 890 1983 sabi
924 1909 1118 2004 supremam
1150 1910 1189 1984 in
1223 1912 1280 1984 Re
1306 1936 1345 1989 es

135 2029 171 2083 et
193 2009 325 2103 Regna
359 2005 566 2085 vindicasses
581 2003 810 2101 potestatem,
843 2004 900 2078 sed
928 2002 1151 2094 indirediam‚
1185 2006 1282 2105 respc
1320 2033 1345 2082 u

133 2107 273 2198 peccati
306 2120 342 2172 et
375 2101 570 2190 Ecclesiae,
604 2103 662 2173 cui
700 2101 839 2173 subsunt
874 2101 1003 2196 Reges.
1056 2099 1160 2198 Quod
1194 2124 1236 2177 en
1269 2103 1345 2199 ejus

134 2197 413 2285 constitutione,
448 2220 544 2269 unam
571 2195 752 2283 Sassiam,
785 2210 882 2268 estro
906 2196 951 2267 de
978 2199 1169 2290 majoritate
1197 2218 1233 2270 et
1259 2203 1345 2271 obe·

83 2330 88 2343 ·
134 2293 288 2380 dientia,
306 2292 511 2366 luculentius
534 2291 646 2364 adhuc
661 2287 849 2366 elucescit:
875 2292 984 2364 docet
1002 2293 1097 2362 enim
1112 2290 1185 2378 ibi,
1213 2308 1345 2365 utram'·

133 2411 201 2486 qne
223 2384 432 2485 potestatem
457 2384 526 2459 effe
560 2409 670 2480 penes
701 2384 913 2474 Ecclesiam,
948 2385 1176 2479 temporalem
1212 2386 1347 2463 subesse

111 2481 324 2582 spirituali,
349 2502 384 2555 et
399 2483 441 2556 ab
458 2506 499 2556 ea
524 2479 681 2569 institui,
717 2503 759 2555 ac
775 2479 945 2575 judicari,
974 2480 1129 2576 papalem
1148 2502 1261 2572 vero,
1289 2485 1347 2558 vel

130 2578 369 2679 spiritualem,
398 2602 421 2651 a
443 2575 584 2651 nemine
601 2574 765 2671 judicari,
790 2574 853 2651 nisr
879 2597 898 2646 a
918 2575 989 2648 solo
1010 2577 1109 2665 Deo,
1134 2573 1208 2650 imo
1223 2577 1268 2650 de
1284 2602 1347 2653 ne·

133 2676 293 2752 ceffitate
315 2673 430 2747 salutis
455 2672 547 2760 elie,
572 2671 738 2744 Romano
761 2669 928 2753 Pontifici
953 2670 1095 2746 subesse.
1149 2673 1263 2770 Quam
1290 2673 1348 2750 in·

129 2771 297 2847 solensem
323 2769 526 2864 opinionem
553 2782 590 2838 et
613 2767 682 2840 hoc
700 2765 813 2839 seculo
836 2766 1033 2838 refutarunt
1057 2767 1175 2864 regiae
1207 2770 1348 2858 autori-j

129 2867 216 2943 tatis
248 2863 410 2955 studiosi,
449 2865 546 2937 inter
590 2884 677 2958 quos
719 2861 894 2935 excellunt
927 2859 1109 2957 aegidius
1141 2863 1346 2960 Romanus,

131 2982 169 3036 et
193 2960 371 3058 Johannes
396 2960 440 3033 de
466 2954 618 3047 Parisiis,
651 2955 814 3030 dottores
840 2977 878 3028 et
904 2956 1089 3052 Theologi
1118 2957 1346 3055 Parisrenses3

130 3080 283 3156 quorum
307 3053 445 3223 exstant
468 3052 632 3127 trattmus
654 3052 744 3148 apud
772 3049 976 3125 Goldallum
1001 3053 1045 3125 de
1070 3052 1269 3131 Mmturclria
1286 3058 1350 3151 Ing

147 3156 213 3231 eris·
238 3170 325 3226 torn.
387 3206 396 3224 .
512 3172 515 3177 ·
1280 3201 1282 3209 ·

119 3173 147 3253 p
181 3248 215 3416 p.
240 3248 330 3322 CCI.
364 3245 538 3321 Ultimum
568 3264 756 3343 antequam
793 3247 884 3344 Papa
915 3244 1101 3321 adhiberet
1132 3248 1351 3342 remedium,'

127 3346 182 3425 mi
198 3360 226 3416 rt
242 3341 352 3417 adbuc
376 3343 526 3437 legatum
551 3343 595 3416 ad
620 3344 780 3442 Regem,
805 3365 835 3417 a.
865 3364 994 3437 1303.,
1019 3343 1078 3438 qui
1103 3367 1182 3418 earm
1207 3366 1350 3441 permo-

130 3456 257 3527 veret,
289 3455 331 3511 ut
353 3438 464 3536 Papae
487 3433 596 3511 amice
618 3437 842 3534 adsurgeret,
877 3438 981 3511 etde
1006 3439 1182 3535 capitibus
1212 3440 1349 3512 accusa·

132 3530 247 3611 tionis
277 3530 507 3622 satissmetet,
543 3552 634 3627 quse
660 3535 830 3609 tredecim
861 3549 982 3623 erant,
1014 3556 1160 3628 quorum
1183 3532 1352 3611 summam

124 3706 132 3717 ,
181 3624 274 3704 Tem.
299 3624 363 3706 Vr.
708 3627 776 3725 Gg
1285 3646 1359 3737 una
