3022 4806
128 624 203 717 45⁶
521 605 671 699 Historia
693 602 822 703 Ectids.
849 606 964 707 Ciuili.

136 797 243 875 clesia
273 789 449 872 Gallicana
479 785 541 885 ipsi
575 785 755 878 restituta,
781 809 817 863 et
842 785 981 885 publice
1005 790 1241 890 promulgata.
1291 797 1350 877 Se·

136 919 238 971 cutus
269 907 407 991 quoque
438 885 507 958 boc
537 886 734 977 exemplum
767 885 818 959 est
847 888 926 958 Rex
955 884 1144 978 Castellae,
1171 914 1210 964 et
1239 899 1350 975 omn'n

137 993 347 1066 videbantur
379 980 421 1054 ad
461 1002 584 1077 pacem
625 979 801 1073 rpet'tare:
843 1002 981 1077 quanoo
1015 982 1209 1060 infidelitas
1245 995 1350 1069 Beue·

140 1086 247 1175 dieti,
282 1102 372 1155 mort
397 1072 586 1163 Bonifatii,
620 1093 655 1145 et
680 1079 760 1149 novi
786 1078 897 1172 Papae
921 1074 1070 1168 electio,
1097 1103 1232 1158 novam
1255 1112 1348 1185 prae·

139 1186 288 1257 buerunt
312 1175 485 1247 turbarum
504 1170 695 1245 materiam.
742 1173 922 1246 Perfidiam
948 1194 1033 1246 mox
1059 1175 1236 1272 ostendit,
1262 1184 1346 1283 quod

141 1282 253 1349 tertio
282 1268 429 1344 articulo
458 1266 729 1356 contradixerit,
764 1270 888 1363 absque
910 1288 951 1340 ut
976 1272 1018 1340 ad
1045 1272 1233 1352 meliorem
1259 1304 1348 1357 mea·

139 1389 209 1444 tem
236 1365 347 1459 redigi
379 1360 544 1456 potuerit.
592 1363 727 1437 interea
750 1362 896 1438 animum
921 1365 963 1437 ab
984 1365 1094 1441 altera
1121 1394 1226 1466 parte
1254 1378 1345 1459 sinu.-

139 1465 226 1541 lavit
255 1459 464 1558 pacificum,
509 1459 643 1554 legatos
673 1458 715 1531 ad
749 1459 965 1533 Bonifacium
998 1461 1200 1557 mittendo,
1225 1474 1285 1567 qui
1307 1475 1346 1549 de

138 1581 226 1656 pace
256 1578 336 1628 cum
372 1553 446 1648 ipso
478 1554 675 1627 tractarent.
723 1552 910 1628 Venerunt
942 1553 1081 1653 quidem
1113 1562 1247 1661 Legati
1277 1571 1344 1644 Ro·

138 1676 250 1740 mam,
278 1673 307 1724 a.
335 1672 462 1739 1404„
488 1668 526 1721 et
550 1650 661 1742 Papae
683 1651 959 1745 proposuerunt,
986 1671 1024 1724 ut
1048 1674 1133 1729 cuni
1160 1662 1344 1739 Benedido

138 1749 179 1825 in
205 1771 311 1823 unum
336 1745 542 1818 conveniret
566 1745 698 1829 locum,
723 1745 767 1816 de
798 1768 885 1842 pace
910 1748 1065 1822 aeturus:
1097 1749 1161 1828 sed
1187 1781 1292 1854 aegre
1312 1762 1343 1837 it

139 1846 221 1921 tulit
248 1840 460 1928 Bonifaciuu,
486 1858 540 1924 et,
564 1860 645 1910 curn
671 1839 795 1933 Legati
811 1841 952 1916 duriora
969 1843 1210 1927 adhibuissent
1228 1858 1341 1947 verbi,

142 1941 232 2016 adeo
256 1935 398 2021 exarsit,
425 1951 483 2020 ut,
508 1932 629 2006 calculi
652 1940 780 2008 acerbo
796 1937 985 2011 accedente
1003 1936 1147 2033 dolore,
1176 1949 1275 2025 brevi
1290 1975 1343 2027 εχ.

142 2030 337 2133 spiraverit.
385 2027 520 2103 Nuncii
544 2028 720 2102 Benedicli
742 2052 812 2106 non
836 2050 965 2105 tantum
990 2036 1222 2134 nequicquam
1240 2050 1343 2144 petie·

141 2150 245 2221 runt,
269 2147 307 2205 ut
333 2150 355 2201 a
388 2127 471 2202 novi
503 2128 613 2220 Papae
636 2125 803 2199 electione
825 2126 1036 2203 abstinerent
1053 2134 1271 2232 Cardinalei,
1293 2142 1342 2219 sed

142 2246 177 2301 et
199 2227 237 2299 ln
261 2222 446 2299 custodiam
468 2220 539 2296 dati
564 2223 652 2295 sont.
705 2221 929 2295 Accesserant
955 2228 1063 2300 etiarn
1088 2251 1200 2324 mort,
1223 2237 1265 2311 ad
1286 2260 1342 2312 no·

142 2343 220 2395 vam
251 2320 477 2404 eleclionem,
511 2317 678 2411 praestito
701 2316 793 2410 prius
810 2317 1023 2411 juramento,
1050 2339 1090 2395 ut
1112 2326 1198 2421 quis
1215 2333 1266 2408 uit
1286 2332 1339 2408 eli.

140 2432 281 2508 geretur
305 2415 339 2484 se
361 2410 485 2505 sponte
508 2412 701 2498 abdicaret,
729 2411 752 2484 si
779 2416 916 2486 alterius
939 2415 1166 2496 obedientiae
1190 2354 1338 2504 iontifex

138 2508 234 2582 idem
278 2503 429 2593 faceret,
476 2524 701 2600 crearuntque
739 2509 865 2603 Papam
905 2512 1103 2589 Romanum
1151 2521 1334 2599 cosmatum

139 2600 386 2687 Melioratum,
413 2620 494 2671 mort
520 2597 651 2671 dietum
676 2602 921 2679 innocentium
948 2608 1032 2680 Vll.

151 2731 159 2745 ·
187 2697 219 2797 ς.
246 2696 463 2770 ccccxlii.
488 2696 693 2773 Innocentius
718 2696 781 2771 fuit
799 2703 1048 2791 sulmonensis,
1077 2705 1260 2806 doching,
1282 2738 1336 2790 ex.

142 2792 337 2894 perientia,
363 2811 400 2865 et
429 2790 520 2866 vitae
543 2790 745 2889 integritate
769 2796 896 2868 clarus:
922 2796 977 2867 sed
1003 2796 1117 2874 statim
1146 2831 1191 2883 ac
1221 2809 1334 2886 elestua

142 2887 229 2966 esset
262 2892 376 2963 Roma
405 2888 440 2961 in
472 2885 673 2963 horribilem
696 2893 926 2986 praecipitata
949 2891 998 2963 est
1023 2898 1265 2981 confusionem
1281 2927 1335 3002 per

145 2983 358 3070 Gibellinos,
389 3008 536 3079 quorum
566 2986 683 3058 Duces
706 3006 804 3058 erant
829 2990 1097 3081 Columnenses,
1122 3018 1160 3070 et
1187 3002 1335 3095 Guelsot,

142 3100 288 3174 quorum
313 3079 489 3175 Principes
512 3099 608 3152 erant
633 3077 769 3152 Ursini:
795 3082 877 3170 illis,
905 3105 1015 3152 novae
1033 3089 1221 3172 elediionis
1235 3122 1336 3196 arrep-

70 3218 80 3233 ,
143 3193 181 3245 ta
214 3174 413 3262 occasione,
445 3175 577 3269 populo
607 3175 800 3247 libertatem
828 3196 862 3248 et
886 3176 1078 3252 dominium
1106 3190 1275 3285 reddere,
1294 3193 1341 3269 hit

141 3292 229 3343 vero
269 3269 379 3363 Papae
408 3288 446 3341 et
479 3267 650 3342 Ecclesiae
674 3269 868 3359 reservare,
901 3276 1118 3356 conantibus.
1167 3286 1342 3366 Tumultus

142 3363 357 3452 concitavit,
384 3383 421 3436 et
445 3365 556 3449 fovit,
583 3363 732 3437 maxime
757 3365 948 3455 Ladissaut,
974 3371 1054 3444 Rex
1072 3373 1342 3478 Neapolitanus,

140 3457 202 3533 sub
233 3459 294 3551 spe
317 3460 447 3556 inperii
480 3462 617 3534 Romae
647 3461 891 3559 consequendi.
927 3463 1010 3539 Dici
1037 3474 1183 3568 nequit,
1209 3501 1344 3580 quantae

141 3553 282 3648 rapinae
314 3574 350 3625 et
379 3557 501 3628 caedes
532 3556 662 3629 suerint
693 3558 912 3649 commissae,
943 3582 1114 3655 quamque
1146 3580 1268 3653 omnia
1288 3596 1345 3675 pet

145 3647 341 3726 intestinum
367 3649 436 3723 hoc
460 3651 585 3723 belluni
611 3652 754 3724 turbata.
801 3653 1032 3730 Exacerbavit
1048 3665 1206 3742 maxime
1224 3673 1346 3746 Rom·

144 3768 266 3825 norum
304 3742 437 3815 animos
464 3746 605 3816 inmane
630 3742 799 3820 Ludovici
826 3748 870 3820 de
899 3751 1101 3846 Meliorati,
1129 3750 1348 3862 nepotis-Pin

143 3866 227 3944 poe,
259 3837 411 3926 facinus,
453 3861 522 3934 quo
552 3840 714 3914 undecim
744 3840 936 3918 Primorum
973 3849 1142 3945 Romae,
1181 3859 1349 3957 epulatio

143 3946 253 4039 Papae
275 3934 449 4019 reversos,
483 3935 670 4006 crud-liter
694 3933 883 4013 trucidavit
907 3944 1046 4037 propria
1070 3970 1198 4043 manu,
1231 3976 1269 4032 et
1291 3980 1349 4032 nu·

141 4039 209 4116 eloe
230 4031 336 4137 ejecit
361 4029 529 4109 fenestris.
558 4032 652 4127 Papa
676 4053 761 4111 vero
784 4033 901 4116 Roma
929 4035 1105 4118 discedere
1129 4050 1353 4225 coadlmfuaqi

153 4182 156 4189 .
203 4186 207 4191 .
794 4184 797 4189 .
1299 4169 1333 4249 gt
