<?xml version="1.0" encoding="UTF-8"?>
<!DOCTYPE html PUBLIC "-//W3C//DTD XHTML 1.0 Transitional//EN"
    "http://www.w3.org/TR/xhtml1/DTD/xhtml1-transitional.dtd">
<html xmlns="http://www.w3.org/1999/xhtml" xml:lang="en" lang="en">
 <head>
  <title>
</title>
<meta http-equiv="Content-Type" content="text/html;charset=utf-8" />
  <meta name='ocr-system' content='tesseract 3.04.00' />
  <meta name='ocr-capabilities' content='ocr_page ocr_carea ocr_par ocr_line ocrx_word'/>
</head>
<body>
  <div class='ocr_page' id='page_1' title='image "./hermannivenemai00venegoog_0084.png"; bbox 0 0 3022 4806; ppageno 0'>
   <div class='ocr_carea' id='block_1_1' title="bbox 852 414 1346 505">
    <p class='ocr_par' dir='ltr' id='par_1_1' title="bbox 852 414 1346 505">
     <span class='ocr_line' id='line_1_1' title="bbox 852 414 855 423; baseline 0 0"><span class='ocrx_word' id='word_1_1' title='bbox 852 414 855 423; x_wconf 88' lang='grc'><strong>1</strong></span> 
     </span>
     <span class='ocr_line' id='line_1_2' title="bbox 1343 456 1346 464; baseline 0 0"><span class='ocrx_word' id='word_1_2' title='bbox 1343 456 1346 464; x_wconf 82' lang='grc'><strong>1</strong></span> 
     </span>
     <span class='ocr_line' id='line_1_3' title="bbox 1155 494 1159 505; baseline 0 0"><span class='ocrx_word' id='word_1_3' title='bbox 1155 494 1159 505; x_wconf 77' lang='grc' dir='ltr'>ι</span> 
     </span>
    </p>
   </div>
   <div class='ocr_carea' id='block_1_2' title="bbox 516 600 1371 701">
    <p class='ocr_par' dir='ltr' id='par_1_2' title="bbox 516 600 1371 701">
     <span class='ocr_line' id='line_1_4' title="bbox 516 600 1371 701; baseline 0.001 -22"><span class='ocrx_word' id='word_1_4' title='bbox 516 629 520 637; x_wconf 81' lang='grc'><strong>’</strong></span> <span class='ocrx_word' id='word_1_5' title='bbox 580 676 583 681; x_wconf 86' lang='grc'><strong><em>,</em></strong></span> <span class='ocrx_word' id='word_1_6' title='bbox 659 604 768 681; x_wconf 73' lang='lat' dir='ltr'>droul.</span> <span class='ocrx_word' id='word_1_7' title='bbox 794 600 883 701; x_wconf 72' lang='lat' dir='ltr'>xri,</span> <span class='ocrx_word' id='word_1_8' title='bbox 1326 624 1371 701; x_wconf 80' lang='lat'>73</span> 
     </span>
    </p>
   </div>
   <div class='ocr_carea' id='block_1_3' title="bbox 127 775 1366 4032">
    <p class='ocr_par' dir='ltr' id='par_1_3' title="bbox 136 775 1366 2883">
     <span class='ocr_line' id='line_1_5' title="bbox 152 775 1366 877; baseline 0.006 -28"><span class='ocrx_word' id='word_1_9' title='bbox 152 794 188 849; x_wconf 85' lang='lat' dir='ltr'>ea</span> <span class='ocrx_word' id='word_1_10' title='bbox 222 777 459 870; x_wconf 87' lang='lat' dir='ltr'>conditione,</span> <span class='ocrx_word' id='word_1_11' title='bbox 497 799 535 856; x_wconf 89' lang='lat' dir='ltr'>ut</span> <span class='ocrx_word' id='word_1_12' title='bbox 567 778 804 856; x_wconf 66' lang='lat' dir='ltr'>defensionem</span> <span class='ocrx_word' id='word_1_13' title='bbox 835 806 876 859; x_wconf 91' lang='lat' dir='ltr'>ac</span> <span class='ocrx_word' id='word_1_14' title='bbox 909 776 1065 852; x_wconf 87' lang='lat' dir='ltr'>solatium</span> <span class='ocrx_word' id='word_1_15' title='bbox 1098 775 1184 853; x_wconf 88' lang='lat' dir='ltr'>sedis</span> <span class='ocrx_word' id='word_1_16' title='bbox 1213 779 1366 877; x_wconf 85' lang='lat' dir='ltr'>Aposto-</span> 
     </span>
     <span class='ocr_line' id='line_1_6' title="bbox 147 864 1363 974; baseline 0.009 -32"><span class='ocrx_word' id='word_1_17' title='bbox 147 864 228 961; x_wconf 76' lang='lat' dir='ltr'>licae</span> <span class='ocrx_word' id='word_1_18' title='bbox 275 877 453 965; x_wconf 90' lang='lat' dir='ltr'>haberet,</span> <span class='ocrx_word' id='word_1_19' title='bbox 502 901 569 953; x_wconf 86' lang='lat' dir='ltr'>nec</span> <span class='ocrx_word' id='word_1_20' title='bbox 618 878 718 952; x_wconf 90' lang='lat' dir='ltr'>ullam</span> <span class='ocrx_word' id='word_1_21' title='bbox 763 878 973 974; x_wconf 71' lang='lat' dir='ltr'>potestatem</span> <span class='ocrx_word' id='word_1_22' title='bbox 1027 875 1258 952; x_wconf 77' lang='lat' dir='ltr'>Ecclesiastici</span> <span class='ocrx_word' id='word_1_23' title='bbox 1304 897 1363 953; x_wconf 86' lang='lat' dir='ltr'>aut</span> 
     </span>
     <span class='ocr_line' id='line_1_7' title="bbox 146 967 1364 1071; baseline 0.006 -32"><span class='ocrx_word' id='word_1_24' title='bbox 146 967 299 1045; x_wconf 87' lang='lat' dir='ltr'>secularis</span> <span class='ocrx_word' id='word_1_25' title='bbox 344 972 509 1061; x_wconf 87' lang='lat' dir='ltr'><strong>Domini,</strong></span> <span class='ocrx_word' id='word_1_26' title='bbox 550 993 689 1071; x_wconf 87' lang='lat' dir='ltr'>praeter</span> <span class='ocrx_word' id='word_1_27' title='bbox 722 998 800 1051; x_wconf 86' lang='lat' dir='ltr'>eam</span> <span class='ocrx_word' id='word_1_28' title='bbox 844 975 973 1070; x_wconf 82' lang='lat' dir='ltr'>Papae,</span> <span class='ocrx_word' id='word_1_29' title='bbox 1014 972 1237 1067; x_wconf 87' lang='lat' dir='ltr'>agnosceret,</span> <span class='ocrx_word' id='word_1_30' title='bbox 1278 996 1364 1047; x_wconf 89' lang='lat' dir='ltr'>cen·</span> 
     </span>
     <span class='ocr_line' id='line_1_8' title="bbox 143 1061 1362 1165; baseline 0.007 -30"><span class='ocrx_word' id='word_1_31' title='bbox 143 1061 179 1135; x_wconf 91' lang='lat' dir='ltr'>su</span> <span class='ocrx_word' id='word_1_32' title='bbox 215 1089 334 1139; x_wconf 87' lang='lat' dir='ltr'>annuo</span> <span class='ocrx_word' id='word_1_33' title='bbox 380 1088 524 1165; x_wconf 88' lang='lat' dir='ltr'>quatuor</span> <span class='ocrx_word' id='word_1_34' title='bbox 575 1070 754 1144; x_wconf 79' lang='lat' dir='ltr'>unciarum</span> <span class='ocrx_word' id='word_1_35' title='bbox 797 1070 868 1144; x_wconf 91' lang='lat' dir='ltr'>auri</span> <span class='ocrx_word' id='word_1_36' title='bbox 915 1064 1133 1141; x_wconf 85' lang='lat' dir='ltr'>constituto:</span> <span class='ocrx_word' id='word_1_37' title='bbox 1184 1089 1271 1160; x_wconf 90' lang='lat' dir='ltr'>quae</span> <span class='ocrx_word' id='word_1_38' title='bbox 1317 1090 1362 1143; x_wconf 85' lang='lat' dir='ltr'>ex</span> 
     </span>
     <span class='ocr_line' id='line_1_9' title="bbox 140 1161 1359 1256; baseline 0.004 -24"><span class='ocrx_word' id='word_1_39' title='bbox 140 1161 309 1256; x_wconf 78' lang='lat' dir='ltr'>¹sllpbonsr</span> <span class='ocrx_word' id='word_1_40' title='bbox 352 1183 391 1236; x_wconf 92' lang='lat' dir='ltr'>et</span> <span class='ocrx_word' id='word_1_41' title='bbox 428 1163 528 1238; x_wconf 88' lang='lat' dir='ltr'>Lucii</span> <span class='ocrx_word' id='word_1_42' title='bbox 571 1164 717 1240; x_wconf 78' lang='lat' dir='ltr'>Litteris</span> <span class='ocrx_word' id='word_1_43' title='bbox 764 1165 801 1238; x_wconf 92' lang='lat' dir='ltr'>in</span> <span class='ocrx_word' id='word_1_44' title='bbox 855 1163 1052 1239; x_wconf 87' lang='lat' dir='ltr'>Miscellan.</span> <span class='ocrx_word' id='word_1_45' title='bbox 1096 1163 1226 1237; x_wconf 89' lang='lat' dir='ltr'>Baluzri</span> <span class='ocrx_word' id='word_1_46' title='bbox 1275 1183 1359 1246; x_wconf 81' lang='lat' dir='ltr'>tom.</span> 
     </span>
     <span class='ocr_line' id='line_1_10' title="bbox 140 1254 1361 1353; baseline -0.003 -23"><span class='ocrx_word' id='word_1_47' title='bbox 140 1257 186 1332; x_wconf 90' lang='lat' dir='ltr'>ll.</span> <span class='ocrx_word' id='word_1_48' title='bbox 216 1254 390 1332; x_wconf 75' lang='lat' dir='ltr'>constant.</span> <span class='ocrx_word' id='word_1_49' title='bbox 438 1261 505 1333; x_wconf 87' lang='lat' dir='ltr'>Sed</span> <span class='ocrx_word' id='word_1_50' title='bbox 538 1281 600 1352; x_wconf 89' lang='lat' dir='ltr'>per</span> <span class='ocrx_word' id='word_1_51' title='bbox 629 1263 912 1335; x_wconf 84' lang='lat' dir='ltr'>concertationes</span> <span class='ocrx_word' id='word_1_52' title='bbox 944 1281 1022 1332; x_wconf 89' lang='lat' dir='ltr'>cum</span> <span class='ocrx_word' id='word_1_53' title='bbox 1087 1259 1191 1353; x_wconf 90' lang='lat' dir='ltr'>opulo</span> <span class='ocrx_word' id='word_1_54' title='bbox 1230 1260 1361 1334; x_wconf 90' lang='lat' dir='ltr'>Roma.</span> 
     </span>
     <span class='ocr_line' id='line_1_11' title="bbox 140 1282 1359 1450; baseline 0.006 -26"><span class='ocrx_word' id='word_1_55' title='bbox 140 1373 188 1435; x_wconf 84' lang='lat' dir='ltr'>no</span> <span class='ocrx_word' id='word_1_56' title='bbox 215 1354 312 1427; x_wconf 89' lang='lat' dir='ltr'>baud</span> <span class='ocrx_word' id='word_1_57' title='bbox 347 1377 464 1442; x_wconf 84' lang='lat' dir='ltr'>parurn</span> <span class='ocrx_word' id='word_1_58' title='bbox 499 1355 678 1430; x_wconf 88' lang='lat' dir='ltr'>obscurata</span> <span class='ocrx_word' id='word_1_59' title='bbox 720 1357 771 1431; x_wconf 91' lang='lat' dir='ltr'>est</span> <span class='ocrx_word' id='word_1_60' title='bbox 802 1357 935 1450; x_wconf 86' lang='lat' dir='ltr'>Papalis</span> <span class='ocrx_word' id='word_1_61' title='bbox 965 1282 1141 1450; x_wconf 75' lang='lat' dir='ltr'>potelius,</span> <span class='ocrx_word' id='word_1_62' title='bbox 1191 1355 1266 1450; x_wconf 90' lang='lat' dir='ltr'>ipso</span> <span class='ocrx_word' id='word_1_63' title='bbox 1296 1358 1359 1431; x_wconf 88' lang='lat' dir='ltr'>Pa·</span> 
     </span>
     <span class='ocr_line' id='line_1_12' title="bbox 136 1448 1359 1548; baseline 0.003 -28"><span class='ocrx_word' id='word_1_64' title='bbox 136 1469 181 1545; x_wconf 84' lang='lat' dir='ltr'>pa</span> <span class='ocrx_word' id='word_1_65' title='bbox 207 1471 228 1520; x_wconf 91' lang='lat' dir='ltr'>e</span> <span class='ocrx_word' id='word_1_66' title='bbox 257 1448 355 1523; x_wconf 89' lang='lat' dir='ltr'>vivis</span> <span class='ocrx_word' id='word_1_67' title='bbox 385 1453 526 1526; x_wconf 88' lang='lat' dir='ltr'>sublato.</span> <span class='ocrx_word' id='word_1_68' title='bbox 574 1452 748 1542; x_wconf 91' lang='lat' dir='ltr'>Romani,</span> <span class='ocrx_word' id='word_1_69' title='bbox 781 1455 841 1548; x_wconf 91' lang='lat' dir='ltr'>qui</span> <span class='ocrx_word' id='word_1_70' title='bbox 872 1453 931 1525; x_wconf 91' lang='lat' dir='ltr'>sub</span> <span class='ocrx_word' id='word_1_71' title='bbox 954 1450 1180 1533; x_wconf 72' lang='lat' dir='ltr'>,Innocentio</span> <span class='ocrx_word' id='word_1_72' title='bbox 1212 1453 1258 1524; x_wconf 90' lang='lat'>11.</span> <span class='ocrx_word' id='word_1_73' title='bbox 1291 1454 1359 1537; x_wconf 77' lang='lat' dir='ltr'>Se·</span> 
     </span>
     <span class='ocr_line' id='line_1_13' title="bbox 139 1542 1359 1644; baseline 0.004 -29"><span class='ocrx_word' id='word_1_74' title='bbox 139 1562 255 1619; x_wconf 88' lang='lat' dir='ltr'>natum</span> <span class='ocrx_word' id='word_1_75' title='bbox 292 1546 414 1621; x_wconf 88' lang='lat' dir='ltr'>conati</span> <span class='ocrx_word' id='word_1_76' title='bbox 448 1563 546 1621; x_wconf 87' lang='lat' dir='ltr'>erant</span> <span class='ocrx_word' id='word_1_77' title='bbox 582 1544 788 1638; x_wconf 88' lang='lat' dir='ltr'>restituere,</span> <span class='ocrx_word' id='word_1_78' title='bbox 830 1548 899 1620; x_wconf 92' lang='lat' dir='ltr'>hoc</span> <span class='ocrx_word' id='word_1_79' title='bbox 938 1568 1026 1640; x_wconf 88' lang='lat' dir='ltr'>opus</span> <span class='ocrx_word' id='word_1_80' title='bbox 1067 1542 1206 1619; x_wconf 86' lang='lat' dir='ltr'>strenue</span> <span class='ocrx_word' id='word_1_81' title='bbox 1247 1549 1359 1644; x_wconf 84' lang='lat' dir='ltr'>magis</span> 
     </span>
     <span class='ocr_line' id='line_1_14' title="bbox 138 1637 1355 1737; baseline 0.002 -22"><span class='ocrx_word' id='word_1_82' title='bbox 138 1637 385 1723; x_wconf 79' lang='lat' dir='ltr'>urseruntsub</span> <span class='ocrx_word' id='word_1_83' title='bbox 412 1641 543 1732; x_wconf 88' lang='lat' dir='ltr'>Lucio,</span> <span class='ocrx_word' id='word_1_84' title='bbox 578 1659 612 1714; x_wconf 91' lang='lat' dir='ltr'>et</span> <span class='ocrx_word' id='word_1_85' title='bbox 635 1643 778 1731; x_wconf 80' lang='lat' dir='ltr'>ulterius</span> <span class='ocrx_word' id='word_1_86' title='bbox 803 1659 1079 1737; x_wconf 87' lang='lat' dir='ltr'>promoverunt,</span> <span class='ocrx_word' id='word_1_87' title='bbox 1124 1643 1266 1716; x_wconf 87' lang='lat' dir='ltr'>Senatui</span> <span class='ocrx_word' id='word_1_88' title='bbox 1296 1645 1355 1717; x_wconf 89' lang='lat' dir='ltr'>ad·</span> 
     </span>
     <span class='ocr_line' id='line_1_15' title="bbox 139 1735 1353 1835; baseline 0.003 -26"><span class='ocrx_word' id='word_1_89' title='bbox 139 1736 253 1811; x_wconf 81' lang='lat' dir='ltr'>dendo</span> <span class='ocrx_word' id='word_1_90' title='bbox 285 1736 498 1826; x_wconf 80' lang='lat' dir='ltr'>Patricium,</span> <span class='ocrx_word' id='word_1_91' title='bbox 540 1737 597 1810; x_wconf 92' lang='lat' dir='ltr'>cui</span> <span class='ocrx_word' id='word_1_92' title='bbox 623 1737 737 1813; x_wconf 88' lang='lat' dir='ltr'>omnia</span> <span class='ocrx_word' id='word_1_93' title='bbox 761 1741 873 1835; x_wconf 85' lang='lat' dir='ltr'>Papae</span> <span class='ocrx_word' id='word_1_94' title='bbox 899 1735 1029 1832; x_wconf 83' lang='lat' dir='ltr'>regalia</span> <span class='ocrx_word' id='word_1_95' title='bbox 1056 1736 1244 1810; x_wconf 88' lang='lat' dir='ltr'>voluerunt</span> <span class='ocrx_word' id='word_1_96' title='bbox 1275 1741 1353 1825; x_wconf 60' lang='lat' dir='ltr'>vin,-</span> 
     </span>
     <span class='ocr_line' id='line_1_16' title="bbox 138 1831 1355 1926; baseline 0.001 -19"><span class='ocrx_word' id='word_1_97' title='bbox 138 1833 275 1920; x_wconf 85' lang='lat' dir='ltr'>dicare,</span> <span class='ocrx_word' id='word_1_98' title='bbox 309 1850 344 1902; x_wconf 88' lang='lat' dir='ltr'>et</span> <span class='ocrx_word' id='word_1_99' title='bbox 367 1831 405 1918; x_wconf 66' lang='lat' dir='ltr'>in⁴</span> <span class='ocrx_word' id='word_1_100' title='bbox 428 1835 533 1922; x_wconf 77' lang='lat' dir='ltr'>urbe,</span> <span class='ocrx_word' id='word_1_101' title='bbox 565 1851 601 1903; x_wconf 90' lang='lat' dir='ltr'>et</span> <span class='ocrx_word' id='word_1_102' title='bbox 633 1851 729 1907; x_wconf 83' lang='lat' dir='ltr'>extra</span> <span class='ocrx_word' id='word_1_103' title='bbox 749 1858 860 1923; x_wconf 87' lang='lat' dir='ltr'>eam,</span> <span class='ocrx_word' id='word_1_104' title='bbox 898 1834 1008 1926; x_wconf 83' lang='lat' dir='ltr'>Papae</span> <span class='ocrx_word' id='word_1_105' title='bbox 1041 1832 1188 1904; x_wconf 86' lang='lat' dir='ltr'>decimis</span> <span class='ocrx_word' id='word_1_106' title='bbox 1219 1853 1257 1904; x_wconf 87' lang='lat' dir='ltr'>et</span> <span class='ocrx_word' id='word_1_107' title='bbox 1287 1840 1355 1909; x_wconf 86' lang='lat' dir='ltr'>ob·-</span> 
     </span>
     <span class='ocr_line' id='line_1_17' title="bbox 138 1925 1351 2024; baseline 0.002 -23"><span class='ocrx_word' id='word_1_108' title='bbox 138 1928 323 2002; x_wconf 80' lang='lat' dir='ltr'>sationibus</span> <span class='ocrx_word' id='word_1_109' title='bbox 357 1945 493 2000; x_wconf 89' lang='lat' dir='ltr'>tanturn</span> <span class='ocrx_word' id='word_1_110' title='bbox 521 1926 667 2003; x_wconf 67' lang='lat' dir='ltr'>‘reliciis</span> <span class='ocrx_word' id='word_1_111' title='bbox 720 1931 823 2006; x_wconf 88' lang='lat' dir='ltr'>Unde</span> <span class='ocrx_word' id='word_1_112' title='bbox 849 1929 938 2002; x_wconf 93' lang='lat' dir='ltr'>bello</span> <span class='ocrx_word' id='word_1_113' title='bbox 962 1925 1054 2024; x_wconf 88' lang='lat' dir='ltr'>quasr</span> <span class='ocrx_word' id='word_1_114' title='bbox 1087 1927 1256 2000; x_wconf 88' lang='lat' dir='ltr'>intestino</span> <span class='ocrx_word' id='word_1_115' title='bbox 1289 1952 1351 2004; x_wconf 78' lang='lat' dir='ltr'>ex·</span> 
     </span>
     <span class='ocr_line' id='line_1_18' title="bbox 139 2024 1353 2118; baseline -0.001 -22"><span class='ocrx_word' id='word_1_116' title='bbox 139 2044 238 2112; x_wconf 89' lang='lat' dir='ltr'>orto,</span> <span class='ocrx_word' id='word_1_117' title='bbox 274 2045 355 2095; x_wconf 90' lang='lat' dir='ltr'>curn</span> <span class='ocrx_word' id='word_1_118' title='bbox 389 2024 482 2111; x_wconf 88' lang='lat' dir='ltr'>Papa</span> <span class='ocrx_word' id='word_1_119' title='bbox 518 2024 745 2117; x_wconf 86' lang='lat' dir='ltr'>Capitolium,</span> <span class='ocrx_word' id='word_1_120' title='bbox 789 2025 848 2100; x_wconf 91' lang='lat' dir='ltr'>ubi</span> <span class='ocrx_word' id='word_1_121' title='bbox 874 2026 1018 2096; x_wconf 83' lang='lat' dir='ltr'>Senatus</span> <span class='ocrx_word' id='word_1_122' title='bbox 1052 2042 1126 2095; x_wconf 89' lang='lat' dir='ltr'>erat</span> <span class='ocrx_word' id='word_1_123' title='bbox 1159 2045 1353 2118; x_wconf 64' lang='lat' dir='ltr'>congrega,-</span> 
     </span>
     <span class='ocr_line' id='line_1_19' title="bbox 138 2116 1353 2214; baseline -0.004 -23"><span class='ocrx_word' id='word_1_124' title='bbox 138 2137 212 2205; x_wconf 73' lang='grc' dir='ltr'>ωε,</span> <span class='ocrx_word' id='word_1_125' title='bbox 245 2116 392 2214; x_wconf 87' lang='lat' dir='ltr'>ingente</span> <span class='ocrx_word' id='word_1_126' title='bbox 423 2117 565 2213; x_wconf 89' lang='lat' dir='ltr'>stipatus</span> <span class='ocrx_word' id='word_1_127' title='bbox 597 2119 739 2208; x_wconf 88' lang='lat' dir='ltr'>militia,</span> <span class='ocrx_word' id='word_1_128' title='bbox 774 2120 976 2206; x_wconf 90' lang='lat' dir='ltr'>invaderet,</span> <span class='ocrx_word' id='word_1_129' title='bbox 1017 2133 1053 2189; x_wconf 92' lang='lat' dir='ltr'>ut</span> <span class='ocrx_word' id='word_1_130' title='bbox 1074 2141 1154 2188; x_wconf 90' lang='lat' dir='ltr'>eum</span> <span class='ocrx_word' id='word_1_131' title='bbox 1183 2118 1264 2190; x_wconf 91' lang='lat' dir='ltr'>inde</span> <span class='ocrx_word' id='word_1_132' title='bbox 1292 2122 1353 2194; x_wconf 90' lang='lat' dir='ltr'>de.</span> 
     </span>
     <span class='ocr_line' id='line_1_20' title="bbox 141 2211 1353 2309; baseline 0.002 -24"><span class='ocrx_word' id='word_1_133' title='bbox 141 2214 302 2309; x_wconf 86' lang='lat' dir='ltr'>pelleret,</span> <span class='ocrx_word' id='word_1_134' title='bbox 327 2212 454 2306; x_wconf 80' lang='lat' dir='ltr'>lapidis</span> <span class='ocrx_word' id='word_1_135' title='bbox 477 2212 549 2287; x_wconf 77' lang='lat' dir='ltr'>iun</span> <span class='ocrx_word' id='word_1_136' title='bbox 573 2215 749 2309; x_wconf 81' lang='lat' dir='ltr'>perculsus</span> <span class='ocrx_word' id='word_1_137' title='bbox 774 2214 846 2302; x_wconf 91' lang='lat' dir='ltr'>est,</span> <span class='ocrx_word' id='word_1_138' title='bbox 874 2232 910 2286; x_wconf 90' lang='lat' dir='ltr'>et</span> <span class='ocrx_word' id='word_1_139' title='bbox 938 2212 1060 2307; x_wconf 90' lang='lat' dir='ltr'>periit.</span> <span class='ocrx_word' id='word_1_140' title='bbox 1094 2211 1181 2286; x_wconf 92' lang='lat' dir='ltr'>Vid.</span> <span class='ocrx_word' id='word_1_141' title='bbox 1207 2214 1353 2299; x_wconf 82' lang='lat' dir='ltr'>Gutsre·</span> 
     </span>
     <span class='ocr_line' id='line_1_21' title="bbox 144 2305 1348 2406; baseline 0.002 -26"><span class='ocrx_word' id='word_1_142' title='bbox 144 2310 204 2382; x_wconf 83' lang='lat' dir='ltr'>dus</span> <span class='ocrx_word' id='word_1_143' title='bbox 221 2307 471 2397; x_wconf 83' lang='lat' dir='ltr'>Viterbiensrs,</span> <span class='ocrx_word' id='word_1_144' title='bbox 496 2329 598 2384; x_wconf 90' lang='lat' dir='ltr'>autor</span> <span class='ocrx_word' id='word_1_145' title='bbox 623 2311 792 2406; x_wconf 82' lang='lat' dir='ltr'>aequalis,</span> <span class='ocrx_word' id='word_1_146' title='bbox 820 2310 856 2381; x_wconf 93' lang='lat' dir='ltr'>in</span> <span class='ocrx_word' id='word_1_147' title='bbox 875 2305 1075 2396; x_wconf 90' lang='lat' dir='ltr'>Chronico,</span> <span class='ocrx_word' id='word_1_148' title='bbox 1101 2326 1188 2399; x_wconf 86' lang='lat' dir='ltr'>part.</span> <span class='ocrx_word' id='word_1_149' title='bbox 1207 2309 1348 2406; x_wconf 90' lang='lat' dir='ltr'>XVll.,</span> 
     </span>
     <span class='ocr_line' id='line_1_22' title="bbox 143 2397 1352 2501; baseline 0.002 -25"><span class='ocrx_word' id='word_1_150' title='bbox 143 2404 200 2498; x_wconf 90' lang='lat' dir='ltr'>qui</span> <span class='ocrx_word' id='word_1_151' title='bbox 231 2403 361 2491; x_wconf 86' lang='lat' dir='ltr'>tradit,</span> <span class='ocrx_word' id='word_1_152' title='bbox 399 2405 525 2501; x_wconf 86' lang='lat' dir='ltr'>Papam</span> <span class='ocrx_word' id='word_1_153' title='bbox 557 2402 664 2498; x_wconf 78' lang='lat' dir='ltr'>(staur</span> <span class='ocrx_word' id='word_1_154' title='bbox 697 2422 773 2482; x_wconf 82' lang='lat' dir='ltr'>tanc</span> <span class='ocrx_word' id='word_1_155' title='bbox 804 2397 1014 2500; x_wconf 61' lang='lat' dir='ltr'>audim&#39;rnus)⁸</span> <span class='ocrx_word' id='word_1_156' title='bbox 1032 2402 1188 2498; x_wconf 79' lang='lat' dir='ltr'>lapidibus</span> <span class='ocrx_word' id='word_1_157' title='bbox 1221 2413 1352 2500; x_wconf 86' lang='lat' dir='ltr'>mugnis</span> 
     </span>
     <span class='ocr_line' id='line_1_23' title="bbox 139 2495 1349 2599; baseline 0.003 -30"><span class='ocrx_word' id='word_1_158' title='bbox 139 2495 331 2594; x_wconf 71' lang='lat' dir='ltr'>percrffum,</span> <span class='ocrx_word' id='word_1_159' title='bbox 366 2498 524 2593; x_wconf 82' lang='lat' dir='ltr'>usquead</span> <span class='ocrx_word' id='word_1_160' title='bbox 548 2504 652 2576; x_wconf 83' lang='lat' dir='ltr'>obitus</span> <span class='ocrx_word' id='word_1_161' title='bbox 668 2501 728 2599; x_wconf 83' lang='lat' dir='ltr'>sui</span> <span class='ocrx_word' id='word_1_162' title='bbox 752 2505 856 2589; x_wconf 81' lang='lat' dir='ltr'>diem,</span> <span class='ocrx_word' id='word_1_163' title='bbox 888 2507 942 2597; x_wconf 79' lang='lat' dir='ltr'>qui</span> <span class='ocrx_word' id='word_1_164' title='bbox 960 2505 1105 2593; x_wconf 78' lang='lat' dir='ltr'>prostitue</span> <span class='ocrx_word' id='word_1_165' title='bbox 1119 2497 1253 2595; x_wconf 83' lang='lat' dir='ltr'>secutas</span> <span class='ocrx_word' id='word_1_166' title='bbox 1278 2503 1349 2597; x_wconf 84' lang='lat' dir='ltr'>est,</span> 
     </span>
     <span class='ocr_line' id='line_1_24' title="bbox 141 2594 1351 2692; baseline 0.004 -25"><span class='ocrx_word' id='word_1_167' title='bbox 141 2619 195 2668; x_wconf 83' lang='lat' dir='ltr'>nun</span> <span class='ocrx_word' id='word_1_168' title='bbox 210 2594 331 2692; x_wconf 69' lang='lat' dir='ltr'>sedisse</span> <span class='ocrx_word' id='word_1_169' title='bbox 360 2598 395 2667; x_wconf 85' lang='lat' dir='ltr'>in</span> <span class='ocrx_word' id='word_1_170' title='bbox 422 2595 513 2691; x_wconf 80' lang='lat' dir='ltr'>sede.</span> <span class='ocrx_word' id='word_1_171' title='bbox 561 2599 726 2672; x_wconf 89' lang='lat' dir='ltr'>Ceterum</span> <span class='ocrx_word' id='word_1_172' title='bbox 759 2596 853 2671; x_wconf 75' lang='lat' dir='ltr'>diua</span> <span class='ocrx_word' id='word_1_173' title='bbox 877 2597 927 2672; x_wconf 93' lang='lat' dir='ltr'>est</span> <span class='ocrx_word' id='word_1_174' title='bbox 952 2594 1040 2669; x_wconf 89' lang='lat' dir='ltr'>haec</span> <span class='ocrx_word' id='word_1_175' title='bbox 1063 2594 1208 2669; x_wconf 75' lang='lat' dir='ltr'>haeresis</span> <span class='ocrx_word' id='word_1_176' title='bbox 1233 2598 1351 2672; x_wconf 76' lang='lat' dir='ltr'>Politi-</span> 
     </span>
     <span class='ocr_line' id='line_1_25' title="bbox 140 2688 1348 2788; baseline 0.007 -23"><span class='ocrx_word' id='word_1_177' title='bbox 140 2718 262 2782; x_wconf 83' lang='lat' dir='ltr'>corum,</span> <span class='ocrx_word' id='word_1_178' title='bbox 296 2691 373 2780; x_wconf 89' lang='lat' dir='ltr'>vel,</span> <span class='ocrx_word' id='word_1_179' title='bbox 405 2698 448 2764; x_wconf 91' lang='lat' dir='ltr'>ab</span> <span class='ocrx_word' id='word_1_180' title='bbox 481 2691 634 2766; x_wconf 85' lang='lat' dir='ltr'>Arnaldo</span> <span class='ocrx_word' id='word_1_181' title='bbox 663 2694 708 2768; x_wconf 84' lang='lat' dir='ltr'>de</span> <span class='ocrx_word' id='word_1_182' title='bbox 739 2691 870 2785; x_wconf 82' lang='lat' dir='ltr'>Brixia,</span> <span class='ocrx_word' id='word_1_183' title='bbox 906 2688 1188 2788; x_wconf 82' lang='lat' dir='ltr'>Arnaldiflarum,</span> <span class='ocrx_word' id='word_1_184' title='bbox 1227 2714 1264 2766; x_wconf 88' lang='lat' dir='ltr'>et</span> <span class='ocrx_word' id='word_1_185' title='bbox 1289 2696 1348 2774; x_wconf 88' lang='lat' dir='ltr'>sub</span> 
     </span>
     <span class='ocr_line' id='line_1_26' title="bbox 141 2788 667 2883; baseline 0.004 -23"><span class='ocrx_word' id='word_1_186' title='bbox 141 2788 352 2863; x_wconf 85' lang='lat' dir='ltr'>Innocentio</span> <span class='ocrx_word' id='word_1_187' title='bbox 370 2788 508 2883; x_wconf 82' lang='lat' dir='ltr'>&#39;vulgari</span> <span class='ocrx_word' id='word_1_188' title='bbox 536 2788 667 2883; x_wconf 90' lang='lat' dir='ltr'>coepit.</span> 
     </span>
    </p>

    <p class='ocr_par' dir='ltr' id='par_1_4' title="bbox 127 2880 1351 4032">
     <span class='ocr_line' id='line_1_27' title="bbox 139 2880 1349 2984; baseline -0.003 -27"><span class='ocrx_word' id='word_1_189' title='bbox 139 2934 143 2943; x_wconf 88' lang='lat'>-</span> <span class='ocrx_word' id='word_1_190' title='bbox 178 2883 373 2984; x_wconf 50' lang='lat' dir='ltr'>t-›Lxun</span> <span class='ocrx_word' id='word_1_191' title='bbox 398 2882 585 2972; x_wconf 81' lang='lat' dir='ltr'>Successit,</span> <span class='ocrx_word' id='word_1_192' title='bbox 611 2884 691 2959; x_wconf 83' lang='lat' dir='ltr'>elati</span> <span class='ocrx_word' id='word_1_193' title='bbox 714 2883 900 2960; x_wconf 85' lang='lat' dir='ltr'>admodum</span> <span class='ocrx_word' id='word_1_194' title='bbox 925 2880 1082 2977; x_wconf 90' lang='lat' dir='ltr'>spiritus,</span> <span class='ocrx_word' id='word_1_195' title='bbox 1115 2898 1152 2954; x_wconf 90' lang='lat' dir='ltr'>et</span> <span class='ocrx_word' id='word_1_196' title='bbox 1181 2882 1349 2961; x_wconf 79' lang='lat' dir='ltr'>celebris.</span> 
     </span>
     <span class='ocr_line' id='line_1_28' title="bbox 140 2976 1351 3074; baseline -0.006 -22"><span class='ocrx_word' id='word_1_197' title='bbox 140 2981 185 3054; x_wconf 81' lang='lat' dir='ltr'>ris</span> <span class='ocrx_word' id='word_1_198' title='bbox 201 2976 379 3066; x_wconf 88' lang='lat' dir='ltr'>nominis,</span> <span class='ocrx_word' id='word_1_199' title='bbox 403 2978 513 3074; x_wconf 88' lang='lat' dir='ltr'>Papa,</span> <span class='ocrx_word' id='word_1_200' title='bbox 534 2981 808 3071; x_wconf 74' lang='lat' dir='ltr'>Eugenium..</span> <span class='ocrx_word' id='word_1_201' title='bbox 834 2982 877 3056; x_wconf 92' lang='lat' dir='ltr'>ab</span> <span class='ocrx_word' id='word_1_202' title='bbox 895 3003 924 3053; x_wconf 89' lang='lat' dir='ltr'>a.</span> <span class='ocrx_word' id='word_1_203' title='bbox 953 3000 1046 3067; x_wconf 85' lang='lat'>1145</span> <span class='ocrx_word' id='word_1_204' title='bbox 1057 2976 1097 3050; x_wconf 90' lang='lat' dir='ltr'>ad</span> <span class='ocrx_word' id='word_1_205' title='bbox 1125 3000 1231 3074; x_wconf 76' lang='lat'>1153.</span> <span class='ocrx_word' id='word_1_206' title='bbox 1281 2984 1351 3060; x_wconf 87' lang='lat' dir='ltr'>Cu.</span> 
     </span>
     <span class='ocr_line' id='line_1_29' title="bbox 143 3073 1347 3170; baseline 0.007 -22"><span class='ocrx_word' id='word_1_207' title='bbox 143 3076 190 3150; x_wconf 79' lang='lat' dir='ltr'>&#39;us</span> <span class='ocrx_word' id='word_1_208' title='bbox 217 3073 421 3149; x_wconf 88' lang='lat' dir='ltr'>dominandi</span> <span class='ocrx_word' id='word_1_209' title='bbox 452 3073 653 3165; x_wconf 86' lang='lat' dir='ltr'>libidinem,</span> <span class='ocrx_word' id='word_1_210' title='bbox 683 3076 827 3163; x_wconf 85' lang='lat' dir='ltr'>fastum,</span> <span class='ocrx_word' id='word_1_211' title='bbox 862 3095 1067 3170; x_wconf 85' lang='lat' dir='ltr'>purpuram,</span> <span class='ocrx_word' id='word_1_212' title='bbox 1100 3093 1139 3145; x_wconf 91' lang='lat' dir='ltr'>ut</span> <span class='ocrx_word' id='word_1_213' title='bbox 1173 3098 1243 3149; x_wconf 91' lang='lat' dir='ltr'>uon</span> <span class='ocrx_word' id='word_1_214' title='bbox 1276 3099 1347 3156; x_wconf 87' lang='lat' dir='ltr'>tam</span> 
     </span>
     <span class='ocr_line' id='line_1_30' title="bbox 137 3100 1346 3264; baseline 0.006 -18"><span class='ocrx_word' id='word_1_215' title='bbox 137 3100 261 3258; x_wconf 77' lang='lat' dir='ltr'>Petro,</span> <span class='ocrx_word' id='word_1_216' title='bbox 296 3192 398 3264; x_wconf 87' lang='lat' dir='ltr'>quarn</span> <span class='ocrx_word' id='word_1_217' title='bbox 421 3169 652 3244; x_wconf 89' lang='lat' dir='ltr'>Constantino</span> <span class='ocrx_word' id='word_1_218' title='bbox 669 3173 749 3263; x_wconf 88' lang='lat' dir='ltr'>M.,</span> <span class='ocrx_word' id='word_1_219' title='bbox 771 3170 960 3245; x_wconf 77' lang='lat' dir='ltr'>successisse</span> <span class='ocrx_word' id='word_1_220' title='bbox 987 3167 1187 3259; x_wconf 90' lang='lat' dir='ltr'>videretur,</span> <span class='ocrx_word' id='word_1_221' title='bbox 1218 3175 1346 3253; x_wconf 87' lang='lat' dir='ltr'>acriter</span> 
     </span>
     <span class='ocr_line' id='line_1_31' title="bbox 155 3263 1346 3362; baseline 0.002 -23"><span class='ocrx_word' id='word_1_222' title='bbox 155 3266 341 3340; x_wconf 75' lang='lat' dir='ltr'>&#39;eastrinxit</span> <span class='ocrx_word' id='word_1_223' title='bbox 372 3267 563 3338; x_wconf 88' lang='lat' dir='ltr'>Bernardus</span> <span class='ocrx_word' id='word_1_224' title='bbox 587 3267 879 3357; x_wconf 76' lang='lat' dir='ltr'>claraevallensis,</span> <span class='ocrx_word' id='word_1_225' title='bbox 915 3265 950 3340; x_wconf 89' lang='lat' dir='ltr'>in</span> <span class='ocrx_word' id='word_1_226' title='bbox 976 3263 1272 3362; x_wconf 88' lang='lat' dir='ltr'>libris-quinque,</span> <span class='ocrx_word' id='word_1_227' title='bbox 1304 3273 1346 3348; x_wconf 87' lang='lat' dir='ltr'>ad</span> 
     </span>
     <span class='ocr_line' id='line_1_32' title="bbox 136 3292 1348 3458; baseline 0.002 -19"><span class='ocrx_word' id='word_1_228' title='bbox 136 3292 352 3458; x_wconf 72' lang='lat' dir='ltr'>ingenium,</span> <span class='ocrx_word' id='word_1_229' title='bbox 370 3361 414 3432; x_wconf 92' lang='lat' dir='ltr'>de</span> <span class='ocrx_word' id='word_1_230' title='bbox 430 3358 686 3451; x_wconf 67' lang='lat' dir='ltr'>confidentium.</span> <span class='ocrx_word' id='word_1_231' title='bbox 720 3363 860 3438; x_wconf 78' lang='lat' dir='ltr'>Eleslus</span> <span class='ocrx_word' id='word_1_232' title='bbox 875 3381 993 3437; x_wconf 87' lang='lat' dir='ltr'>autern</span> <span class='ocrx_word' id='word_1_233' title='bbox 1011 3359 1094 3434; x_wconf 89' lang='lat' dir='ltr'>esta</span> <span class='ocrx_word' id='word_1_234' title='bbox 1111 3364 1348 3442; x_wconf 81' lang='lat' dir='ltr'>cardinalibus</span> 
     </span>
     <span class='ocr_line' id='line_1_33' title="bbox 139 3457 1346 3554; baseline 0.008 -25"><span class='ocrx_word' id='word_1_235' title='bbox 139 3481 236 3532; x_wconf 85' lang='lat' dir='ltr'>extra</span> <span class='ocrx_word' id='word_1_236' title='bbox 260 3479 381 3530; x_wconf 92' lang='lat' dir='ltr'>eorum</span> <span class='ocrx_word' id='word_1_237' title='bbox 407 3457 617 3552; x_wconf 87' lang='lat' dir='ltr'>collegium,</span> <span class='ocrx_word' id='word_1_238' title='bbox 641 3460 796 3554; x_wconf 88' lang='lat' dir='ltr'>adeoque</span> <span class='ocrx_word' id='word_1_239' title='bbox 826 3478 949 3532; x_wconf 83' lang='lat' dir='ltr'>contra</span> <span class='ocrx_word' id='word_1_240' title='bbox 973 3476 1123 3530; x_wconf 87' lang='lat' dir='ltr'>morem:</span> <span class='ocrx_word' id='word_1_241' title='bbox 1150 3479 1224 3534; x_wconf 87' lang='lat' dir='ltr'>erat</span> <span class='ocrx_word' id='word_1_242' title='bbox 1248 3464 1346 3539; x_wconf 89' lang='lat' dir='ltr'>enim</span> 
     </span>
     <span class='ocr_line' id='line_1_34' title="bbox 127 3548 1343 3650; baseline 0.004 -21"><span class='ocrx_word' id='word_1_243' title='bbox 127 3554 337 3629; x_wconf 82' lang='lat' dir='ltr'>&#39;Monachus</span> <span class='ocrx_word' id='word_1_244' title='bbox 354 3548 607 3642; x_wconf 79' lang='lat' dir='ltr'>eisterciensu,</span> <span class='ocrx_word' id='word_1_245' title='bbox 632 3575 669 3626; x_wconf 90' lang='lat' dir='ltr'>et</span> <span class='ocrx_word' id='word_1_246' title='bbox 686 3557 804 3629; x_wconf 82' lang='lat' dir='ltr'>Abbas</span> <span class='ocrx_word' id='word_1_247' title='bbox 827 3556 863 3634; x_wconf 85' lang='lat' dir='ltr'>S.</span> <span class='ocrx_word' id='word_1_248' title='bbox 888 3552 1075 3629; x_wconf 86' lang='lat' dir='ltr'>Vincentii</span> <span class='ocrx_word' id='word_1_249' title='bbox 1092 3553 1133 3624; x_wconf 92' lang='lat' dir='ltr'>ad</span> <span class='ocrx_word' id='word_1_250' title='bbox 1153 3577 1255 3650; x_wconf 87' lang='lat' dir='ltr'>aquas</span> <span class='ocrx_word' id='word_1_251' title='bbox 1272 3561 1343 3634; x_wconf 85' lang='lat' dir='ltr'>sat-</span> 
     </span>
     <span class='ocr_line' id='line_1_35' title="bbox 138 3646 1347 3749; baseline 0.005 -26"><span class='ocrx_word' id='word_1_252' title='bbox 138 3648 228 3738; x_wconf 76' lang='lat' dir='ltr'>sias,</span> <span class='ocrx_word' id='word_1_253' title='bbox 264 3648 356 3721; x_wconf 91' lang='lat' dir='ltr'>haud</span> <span class='ocrx_word' id='word_1_254' title='bbox 382 3650 503 3742; x_wconf 88' lang='lat' dir='ltr'>procul</span> <span class='ocrx_word' id='word_1_255' title='bbox 536 3652 579 3721; x_wconf 88' lang='lat' dir='ltr'>ab</span> <span class='ocrx_word' id='word_1_256' title='bbox 613 3652 720 3740; x_wconf 91' lang='lat' dir='ltr'>urbe,</span> <span class='ocrx_word' id='word_1_257' title='bbox 754 3673 821 3724; x_wconf 91' lang='lat' dir='ltr'>nec</span> <span class='ocrx_word' id='word_1_258' title='bbox 850 3650 988 3723; x_wconf 89' lang='lat' dir='ltr'>Romae</span> <span class='ocrx_word' id='word_1_259' title='bbox 1022 3646 1239 3727; x_wconf 84' lang='lat' dir='ltr'>consecratus</span> <span class='ocrx_word' id='word_1_260' title='bbox 1276 3655 1347 3749; x_wconf 86' lang='lat' dir='ltr'>est,</span> 
     </span>
     <span class='ocr_line' id='line_1_36' title="bbox 138 3743 1347 3846; baseline 0.005 -28"><span class='ocrx_word' id='word_1_261' title='bbox 138 3745 193 3841; x_wconf 84' lang='lat' dir='ltr'>sed</span> <span class='ocrx_word' id='word_1_262' title='bbox 217 3744 308 3842; x_wconf 90' lang='lat' dir='ltr'>apud</span> <span class='ocrx_word' id='word_1_263' title='bbox 336 3743 542 3818; x_wconf 83' lang='lat' dir='ltr'>Tarsensem</span> <span class='ocrx_word' id='word_1_264' title='bbox 567 3744 752 3819; x_wconf 86' lang='lat' dir='ltr'>Abbatiam</span> <span class='ocrx_word' id='word_1_265' title='bbox 778 3745 815 3818; x_wconf 91' lang='lat' dir='ltr'>in</span> <span class='ocrx_word' id='word_1_266' title='bbox 842 3744 1024 3819; x_wconf 86' lang='lat' dir='ltr'>territorio</span> <span class='ocrx_word' id='word_1_267' title='bbox 1051 3744 1250 3839; x_wconf 87' lang='lat' dir='ltr'>Sabinensr,</span> <span class='ocrx_word' id='word_1_268' title='bbox 1273 3775 1347 3846; x_wconf 76' lang='lat' dir='ltr'>quo</span> 
     </span>
     <span class='ocr_line' id='line_1_37' title="bbox 142 3837 1348 3938; baseline 0.007 -24"><span class='ocrx_word' id='word_1_269' title='bbox 142 3863 216 3914; x_wconf 91' lang='lat' dir='ltr'>cum</span> <span class='ocrx_word' id='word_1_270' title='bbox 243 3837 487 3914; x_wconf 76' lang='lat' dir='ltr'>cardinalibus</span> <span class='ocrx_word' id='word_1_271' title='bbox 513 3840 548 3912; x_wconf 92' lang='lat' dir='ltr'>se</span> <span class='ocrx_word' id='word_1_272' title='bbox 573 3843 733 3938; x_wconf 87' lang='lat' dir='ltr'>recipere</span> <span class='ocrx_word' id='word_1_273' title='bbox 765 3840 904 3915; x_wconf 78' lang='lat' dir='ltr'>coaetus</span> <span class='ocrx_word' id='word_1_274' title='bbox 938 3840 1008 3915; x_wconf 87' lang='lat' dir='ltr'>suit</span> <span class='ocrx_word' id='word_1_275' title='bbox 1040 3861 1185 3936; x_wconf 88' lang='lat' dir='ltr'>propter</span> <span class='ocrx_word' id='word_1_276' title='bbox 1216 3845 1348 3923; x_wconf 86' lang='lat' dir='ltr'>Roma·</span> 
     </span>
     <span class='ocr_line' id='line_1_38' title="bbox 142 3933 1350 4032; baseline 0.006 -24"><span class='ocrx_word' id='word_1_277' title='bbox 142 3959 200 4008; x_wconf 84' lang='lat' dir='ltr'>nus</span> <span class='ocrx_word' id='word_1_278' title='bbox 222 3933 440 4010; x_wconf 75' lang='lat' dir='ltr'>Arnaldistas</span> <span class='ocrx_word' id='word_1_279' title='bbox 473 3939 743 4024; x_wconf 89' lang='lat' dir='ltr'>tumultuantes,</span> <span class='ocrx_word' id='word_1_280' title='bbox 777 3936 836 4032; x_wconf 92' lang='lat' dir='ltr'>qui</span> <span class='ocrx_word' id='word_1_281' title='bbox 875 3940 1039 4011; x_wconf 88' lang='lat' dir='ltr'>Senatum</span> <span class='ocrx_word' id='word_1_282' title='bbox 1075 3939 1118 4010; x_wconf 92' lang='lat' dir='ltr'>ab</span> <span class='ocrx_word' id='word_1_283' title='bbox 1151 3945 1350 4024; x_wconf 74' lang='lat' dir='ltr'>euvolue·</span> 
     </span>
    </p>
   </div>
   <div class='ocr_carea' id='block_1_4' title="bbox 145 4031 1468 4253">
    <p class='ocr_par' dir='ltr' id='par_1_5' title="bbox 145 4031 1468 4253">
     <span class='ocr_line' id='line_1_39' title="bbox 145 4031 1347 4134; baseline 0.009 -33"><span class='ocrx_word' id='word_1_284' title='bbox 145 4048 220 4103; x_wconf 87' lang='lat' dir='ltr'>runt</span> <span class='ocrx_word' id='word_1_285' title='bbox 239 4033 508 4129; x_wconf 86' lang='lat' dir='ltr'>confirmatum,</span> <span class='ocrx_word' id='word_1_286' title='bbox 530 4050 570 4113; x_wconf 82' lang='lat' dir='ltr'>ut</span> <span class='ocrx_word' id='word_1_287' title='bbox 594 4035 683 4115; x_wconf 86' lang='lat' dir='ltr'>Otto</span> <span class='ocrx_word' id='word_1_288' title='bbox 705 4033 927 4134; x_wconf 83' lang='lat' dir='ltr'>Frisrugeusss</span> <span class='ocrx_word' id='word_1_289' title='bbox 942 4032 981 4111; x_wconf 88' lang='lat' dir='ltr'>in</span> <span class='ocrx_word' id='word_1_290' title='bbox 1008 4031 1191 4117; x_wconf 81' lang='lat' dir='ltr'>chronico</span> <span class='ocrx_word' id='word_1_291' title='bbox 1215 4055 1347 4112; x_wconf 77' lang='lat' dir='ltr'>rrarrar.=</span> 
     </span>
     <span class='ocr_line' id='line_1_40' title="bbox 191 4122 1468 4253; baseline 0.009 -56"><span class='ocrx_word' id='word_1_292' title='bbox 191 4123 270 4232; x_wconf 72' lang='lat' dir='ltr'>som.</span> <span class='ocrx_word' id='word_1_293' title='bbox 299 4129 367 4204; x_wconf 78' lang='lat' dir='ltr'>Vl.</span> <span class='ocrx_word' id='word_1_294' title='bbox 441 4242 444 4253; x_wconf 32' lang='grc' dir='ltr'>Ι</span> <span class='ocrx_word' id='word_1_295' title='bbox 740 4128 775 4205; x_wconf 89' lang='grc' dir='ltr'><strong>Κ</strong></span> <span class='ocrx_word' id='word_1_296' title='bbox 1049 4144 1052 4151; x_wconf 86' lang='grc'>’</span> <span class='ocrx_word' id='word_1_297' title='bbox 1232 4122 1356 4236; x_wconf 55' lang='lat' dir='ltr'>Postea</span> <span class='ocrx_word' id='word_1_298' title='bbox 1463 4140 1468 4151; x_wconf 92' lang='lat'>&#39;</span> 
     </span>
    </p>
   </div>
   <div class='ocr_carea' id='block_1_5' title="bbox 1418 4238 1485 4520">
    <p class='ocr_par' dir='ltr' id='par_1_6' title="bbox 1418 4238 1485 4520">
     <span class='ocr_line' id='line_1_41' title="bbox 1418 4238 1485 4520; baseline 0 0"><span class='ocrx_word' id='word_1_299' title='bbox 1418 4238 1485 4520; x_wconf 79' lang='lat' dir='ltr'>s</span> 
     </span>
    </p>
   </div>
   <div class='ocr_carea' id='block_1_6' title="bbox 0 0 1522 4806">
    <p class='ocr_par' dir='ltr' id='par_1_7' title="bbox 0 0 1522 4806">
     <span class='ocr_line' id='line_1_42' title="bbox 0 0 1522 4806; baseline 0 0"><span class='ocrx_word' id='word_1_300' title='bbox 0 0 1522 4806; x_wconf 95' lang='lat' dir='ltr'> </span> 
     </span>
    </p>
   </div>
  </div>
 </body>
</html>
