3022 4806
129 614 202 705 '186
518 610 667 712 Hisleria
689 614 816 715 Edrias.
840 612 954 713 turp.

135 800 217 895 inae
240 797 329 891 prius
342 790 420 887 suit
440 797 538 886 panis
561 811 593 865 rr
616 798 744 886 einum,
769 819 812 870 eu
835 799 871 872 ui
886 801 1053 873 rariorum
1068 799 1269 885 convertitur
1300 798 1336 868 in

136 913 247 988 eorpus
273 909 303 964 et
321 897 516 984 sauguinem
542 890 686 964 Domini.
735 893 903 978 Attamen
921 894 1115 991 episcopua
1131 890 1351 967 Paristenlita

127 1012 215 1066 eum
239 985 416 1081 Magistra
432 985 660 1076 Canonistiu,
672 985 855 1062 damnavit
870 989 1041 1087 Johannie
1058 990 1285 1084 tententiamz
1311 988 1353 1060 li·

137 1109 198 1163 cet
223 1106 296 1157 non
324 1074 502 1159 defuerint
533 1082 664 1159 Euristus
683 1085 843 1179 plnres,
873 1089 944 1181 'qui
976 1082 1353 1163 Trunlunstantiatinni

137 1179 449 1257 oenrrnltuerunt:
479 1196 519 1250 ut
547 1197 651 1272 patet·
670 1201 716 1261 ea
740 1179 877 1253 utteriu
892 1177 1066 1254 Gniuonu
1091 1179 1224 1269 Grosu,
1249 1180 1354 1254 ‘Nar-

137 1270 298 1363 bnmnsn
316 1270 612 1368 Archiepiscnpi3
644 1291 683 1345 et
705 1274 891 1350 Clementia
906 1277 974 1350 lV.
999 1277 1129 1370 Papae,
1147 1277 1199 1348 -ad
1215 1271 1353 1349 ‘se-rnu-

139 1392 201 1448 cuo
225 1368 380 1464 scriptis:
423 1391 506 1463 quas
538 1393 584 1442 ex
606 1366 751 1463 registro
777 1369 861 1445 Mff.
893 1373 1084 1445 Clementis
1108 1372 1175 1446 IV.
1201 1373 1354 1448 exhibet

139 1462 339 1546 Albertinuu
359 1464 402 1536 de
423 1463 619 1558 eucharistia
643 1488 677 1558 p.
703 1486 801 1561 473..
839 1465 958 1539 Guido
980 1485 1117 1554 autem,
1141 1465 1179 1538 in
1196 1472 1272 1542 aula
1290 1470 1353 1544 ltc-

170 1585 207 1635 ae
228 1558 411 1656 aliquando
436 1557 618 1654 praesens,
642 1560 855 1636 sententiam
878 1559 1037 1635 familiari
1061 1563 1142 1648 suo,
1174 1562 1353 1638 Tnntun-

138 1588 586 1737 indeminutcontnrian,
606 1655 1014 1746 declaraverat,addicu,
1032 1656 1354 1735 sententium-liram
1380 1702 1383 1707 ·

140 1753 226 1830 ndu
247 1751 319 1826 elic
338 1749 469 1825 Pariliin
485 1752 670 1845 vulgatam.
718 1750 801 1853 Quo
822 1751 963 1841 andita,
986 1751 1066 1848 poll
1090 1751 1356 1830 Guidnnia-dil'-

140 1849 291 1937 cellum,
314 1849 407 1941 Papa
431 1845 579 1935 adjenm
601 1845 732 1942 scripfit
747 1846 897 1937 litteras,
922 1849 1099 1937 hortatus,
1125 1867 1163 1921 ut
1180 1849 1357 1926 Ecclesiae

21 1986 24 1991 ⁴
140 1945 248 2023 fidem
274 1945 321 2017 de
345 1937 726 2016 Transubstantiatinne
751 1959 891 2018 teneat:
914 1944 1056 2042 adquae
1078 1942 1359 2040 rescriplitGui·

142 2045 210 2130 do,
241 2062 324 2115 enm
350 2035 388 2111 in
411 2036 574 2125 modum,
608 2058 646 2111 ut
669 2057 823 2112 mentem
847 2037 988 2135 quidem
1013 2040 1264 2131 occultaverit,
1295 2042 1356 2118 sed

142 2131 540 2214 transubstantiationem
559 2152 631 2207 nnn
652 2133 839 2211 admittere
861 2135 951 2208 haud
978 2132 1121 2207 obscure
1153 2136 1355 2214 insinuare·

144 2238 203 2311 rit.
253 2229 432 2305 Meminit
456 2251 596 2324 quoque
619 2230 702 2324 Joh.
726 2230 828 2304 Paris.
854 2229 912 2304 lib.
931 2227 991 2302 cit.
1018 2228 1195 2304 Guidoniu
1209 2233 1257 2306 de
1273 2235 1355 2308 Clu-

142 2328 261 2422 uigni,
287 2326 374 2421 qui,
393 2343 433 2396 ιιι
446 2328 556 2396 rerba
570 2325 808 2415 'eiushabenm
834 2328 1078 2413 determinavit,
1100 2344 1214 2420 cerpus
1232 2329 1358 2426 Christi

142 2424 203 2520 ‘ffi'
225 2428 259 2492 in
285 2422 390 2492 uiuri
410 2416 736 2512 per-adsumcimem,
767 2436 809 2490 et
828 2418 984 2510 ſsmiliter
1002 2442 1119 2516 punem
1149 2422 1209 2518 effe
1241 2446 1358 2518 cerpus

145 2513 264 2610 Clerisii
290 2533 350 2606 per
372 2515 557 2584 idine'ttutnm
582 2518 919 2604 communicationem,
943 2533 975 2587 rt
1000 2521 1109 2605 dixit,
1134 2521 1213 2613 quud
1224 2517 1261 2608 fi
1278 2521 1356 2619 effer

144 2619 261 2708 Papa,
286 2609 366 2703 quod
379 2606 582 2699 confirmaret
607 2631 688 2682 eam.
736 2611 901 2707 Denique
918 2628 1041 2686 notatu
1058 2613 1163 2708 digna
1182 2615 1359 2713 Guigonia

143 2701 385 2785 mrunufienfis
400 2703 505 2774 verba
528 2703 565 2776 in
583 2701 728 2794 epistola
743 2704 785 2777 ad
803 2709 941 2779 Fratres
958 2707 1002 2779 de
1032 2725 1134 2782 ruente
1157 2709 1242 2798 Dei,
1261 2715 1355 2808 apud

142 2802 356 2883 Bernardum
380 2798 681 2871 claraevallensem
700 2822 797 2893 oper.
816 2820 902 2874 torn.
922 2803 967 2873 ΙΙ.
992 2826 1027 2898 p.
1058 2815 1158 2893 118.,
1186 2829 1257 2880 non
1272 2806 1355 2902 pus·

144 2904 221 2980 sum
246 2894 328 2996 quin
348 2893 568 2989 musurgam,
590 2892 747 2992 pusionis
763 2910 795 2970 ct
817 2899 1018 2972 redemtionis
1046 2899 1165 2993 Christi
1187 2905 1355 2978 mentius

146 2997 292 3074 ecculm
316 2992 493 3084 beneficii.
516 2992 560 3064 aa
572 2989 755 3086 fruendum
766 2989 917 3087 suaviter
940 2997 974 3066 iu
997 2994 1214 3090 canscientia,
1243 3014 1277 3074 'et
1300 3023 1356 3075 rt·

145 3091 335 3172 condurdum
351 3086 502 3183 fideliter
520 3093 556 3161 in
578 3091 749 3178 memoria,
772 3090 830 3164 leue
853 3089 918 3186 esi,
934 3089 1156 3183 spiritualiter
1178 3099 1358 3174 manduca·

144 3214 182 3267 er
207 3207 319 3281 cerpus
347 3180 484 3276 Christi,
511 3198 543 3256 et
561 3186 670 3256 iibere
686 3184 980 3281 ejursarrguirrem,
1005 3189 1040 3260 ire
1055 3195 1239 3265 anemurium
1256 3197 1353 3289 esur,

143 3289 198 3385 qui
213 3284 357 3356 omnibus
372 3278 455 3370 inse
479 3282 680 3352 credentibus
703 3286 895 3375 praecepit,
930 3285 1059 3373 dicens,
1092 3286 1148 3357 leet
1168 3283 1285 3378 facite
1318 3295 1361 3362 in,

147 3402 253 3455 mrum
280 3378 615 3453 comenemuratianem.
666 3375 829 3470 Adpellat
850 3401 988 3473 qunque
1013 3379 1180 3475 deinceps
1204 3382 1279 3458 hoc
1300 3385 1357 3483 ip·

144 3477 220 3553 sum
244 3497 310 3547 rem
334 3468 655 3567 ipsamsucrammti
675 3473 898 3570 artissimi,
930 3472 995 3559 fine
1018 3499 1075 3569 que
1107 3473 1210 3568 ipsum
1231 3478 1356 3572 sacra·

145 3587 287 3650 mentum
309 3570 408 3656 nihil,
433 3570 509 3662 quin
531 3567 716 3663 mermes&
764 3569 952 3667 Distingnit
976 3572 1078 3645 etiam
1100 3589 1200 3645 autor
1216 3575 1359 3671 instruc·

146 3671 246 3746 tionis
261 3664 479 3761 sacerdotalis
501 3662 584 3739 ibid.
609 3663 700 3761 apud
723 3665 938 3739 Bernardurn
964 3689 999 3761 p.
1025 3689 1108 3761 547.
1132 3669 1223 3741 inter
1246 3673 1357 3747 saera-

145 3763 334 3842 mentalem
357 3778 396 3832 et
419 3753 633 3853 spiritualem
657 3760 752 3834 usum
779 3760 1016 3838 eucharistiae.
1056 3763 1163 3853 Illud,
1188 3766 1283 3861 qnod
1310 3767 1358 3844 ad

145 3856 340 3943 efficaciam
364 3850 524 3947 baptismi
550 3855 705 3942 adtinet,
729 3854 973 3951 subjungatur,
998 3858 1036 3933 in
1061 3859 1214 3934 concilio
1236 3861 1360 3940 Vien-

145 3955 242 4038 nenlr
264 3951 326 4028 sub
350 3953 531 4026 Clemente
555 3951 604 4025 V.
629 3951 811 4025 delinitum
835 3952 922 4044 effe,
956 3972 1025 4030 tum
1053 3959 1223 4049 paruulis,
1256 3983 1360 4055 quarn

143 4056 287 4147 adultis,
311 4042 455 4148 causent
477 4050 512 4124 in
532 4045 693 4147 baptsmu
716 4045 945 4145 informantem
965 4057 1113 4150 gratiam
1138 4069 1170 4128 et
1192 4057 1366 4146 uirtutes,

138 4190 142 4197 .
182 4192 214 4219 ..⁸
627 4172 637 4180 ·
707 4192 736 4207 ..
1187 4188 1194 4204 ,
1274 4170 1360 4234 'mc
