3022 4806
566 553 672 629 Secoi.
701 557 783 630 XV.
871 604 874 609 -
1188 553 1286 655 1¹4²ss
1342 597 1345 606 ·

105 755 152 820 tr,
176 750 243 804 una
267 750 348 806 cum
372 727 558 803 Benediiii
578 731 867 828 responsionibus.
917 729 1082 808 Declarat
1108 733 1200 808 inter
1217 735 1287 811 alia

105 827 271 916 ohannes,
295 828 331 900 se
355 827 506 920 primum
523 826 621 914 sore,
650 834 709 923 qui
731 851 809 903 eum
828 834 1017 926 Paparum,
1039 830 1097 924 qui
1122 831 1155 902 se
1181 832 1282 902 unio·

105 923 112 997 i
137 921 364 1019 opposuerit,
387 924 617 1016 adpellaturue
641 924 682 997 sit
696 923 807 1017 filium
823 927 989 1015 saronae,
1021 925 1285 1020 Anticliristuin,.

105 1024 177 1092 'rum
197 1020 388 1113 perditionis
412 1037 478 1091 etc.
503 1019 666 1115 cujusque
691 1022 913 1094 obedientiae
940 1021 981 1094 stt
1004 1023 1282 1095 renunciaturos.

105 1139 114 1189 ι
139 1114 252 1188 Gallia
267 1136 354 1184 vero
379 1112 514 1186 summo
539 1115 683 1209 adgressi
701 1115 779 1188 sunt
801 1116 914 1190 studio
937 1114 1159 1212 exstinguere
1178 1116 1284 1188 schis-

105 1234 141 1286 u.
188 1211 229 1281 ln
261 1208 423 1282 Concilio
448 1209 652 1298 Nationali,
685 1233 717 1285 a.
744 1233 847 1304 1395.
873 1211 993 1284 habito
1015 1210 1168 1301 Parisiis,
1189 1211 1281 1307 juffu

105 1302 190 1381 eroli
209 1304 299 1393 vt,
324 1304 504 1378 decretum
530 1302 600 1392 est,
628 1304 705 1401 post
732 1307 851 1380 seriam
874 1306 1178 1396 deliberationem,
1204 1309 1284 1380 uui·

105 1406 154 1477 uin
187 1398 343 1472 medium
374 1398 445 1472 esse
479 1397 663 1497 cefflonem,
696 1403 739 1475 ab
772 1423 919 1498 utroque
950 1405 1039 1496 Papa
1063 1404 1284 1478 faciendama

105 1516 191 1595 aque
230 1494 293 1566 fini
332 1493 417 1568 miffi
454 1492 532 1569 sunt
568 1495 693 1592 Legati
725 1496 772 1569 ad
800 1498 1043 1584 uenenum,
1077 1514 1114 1571 ut
1142 1500 1185 1571 ad
1220 1500 1283 1572 de·

105 1595 167 1667 reti
193 1588 450 1664 exsecutionem
479 1611 751 1685 permovetetur.
803 1593 871 1664 Sed
895 1594 984 1686 Papa
1010 1594 1194 1685 judicavit,
1220 1616 1285 1690 op·

105 1709 199 1763 mum
228 1683 297 1773 effe
334 1683 473 1761 unionis
506 1687 679 1773 medium,
714 1705 750 1759 ut
779 1685 849 1760 duo
871 1688 984 1782 Papae
1006 1690 1046 1762 in
1070 1710 1173 1761 unum
1200 1711 1286 1764 con·

105 1783 241 1870 iniant,
274 1803 382 1879 eaque
417 1780 460 1852 de
492 1803 530 1852 ne
553 1781 767 1871 deliberen13
799 1781 1063 1869 domentiam,
1096 1803 1133 1855 ut
1161 1782 1285 1880 singuli

105 1902 175 1956 tum
216 1876 271 1972 jus
307 1876 536 1949 committant
573 1874 724 1951 arbitris.
782 1877 864 1977 Quo
897 1879 1078 1974 nespunso‚
1120 1876 1214 1950 edita
1240 1902 1288 1951 ue

105 1998 153 2051 nu
179 1971 217 2045 in
251 1993 327 2045 rem
351 1972 458 2057 bulla,
484 1971 627 2046 dimiffis
649 1971 789 2068 legatio,
816 1977 953 2063 Duces,
980 1902 1289 2048 universitatioi'a·

105 2068 197 2148 enfis
230 2068 407 2156 membra,
439 2067 636 2141 Cardinales
658 2069 758 2139 etiam
782 2070 966 2141 maximam
986 2091 1143 2163 partem,
1168 2067 1288 2141 ceffio·

105 2168 129 2244 u
152 2165 299 2239 decreto
321 2161 504 2236 inhaerere
528 2180 780 2258 perrexeruut,
810 2163 1004 2257 Papamque
1026 2163 1140 2236 multis
1162 2161 1288 2240 iustam

105 2263 157 2353 ic,
174 2257 372 2356 precibus,
390 2276 428 2330 et
446 2255 570 2348 minis,
591 2282 635 2330 eo
652 2256 864 2352 compellere
879 2259 997 2331 conati
1018 2259 1104 2333 suna.
1155 2260 1288 2331 Provo-

105 2372 221 2443 mmt,
253 2374 332 2427 cum
362 2352 452 2448 apud
484 2354 608 2447 Papam
636 2353 732 2427 nihii
756 2355 917 2426 obtinere
942 2352 1099 2448 possent,
1130 2354 1172 2427 ad
1193 2351 1289 2448 jurat

105 2470 259 2539 mutum,
280 2448 321 2522 in
342 2447 510 2522 electione
534 2448 686 2538 fabium,
708 2446 764 2522 sed
787 2449 880 2544 Papa
902 2450 1051 2544 primum
1075 2452 1217 2546 negavit
1233 2450 1290 2524 in·

105 2549 253 2625 ndenter
285 2542 320 2618 se
358 2543 609 2640 subscripsisse,
652 2544 736 2617 dein
767 2547 870 2616 variis
901 2546 1037 2619 artibus·
1064 2544 1146 2617 illud
1177 2544 1292 2625 elufitt
1384 2564 1385 2567 ’

105 2641 275 2719 {ffundere
304 2659 482 2734 praeterea
511 2640 547 2712 iu
578 2637 800 2712 Academiam
835 2638 1070 2729 Parifiensem,
1097 2641 1152 2713 coi
1174 2660 1291 2717 totum

105 2762 152 2815 oc
174 2736 360 2831 negotium
384 2735 576 2830 inputavit,
602 2736 724 2832 coepit
740 2733 1014 2830 indignationem
1034 2737 1208 2830 papalem,
1232 2736 1293 2816 sed

105 2830 273 2913 stademia
304 2832 344 2903 ad
377 2831 586 2919 Pontificem
627 2833 668 2905 ab
703 2829 884 2901 universali
925 2828 1082 2902 Ecclesia·
1108 2850 1294 2926 occeptum

131 2922 293 3013 ''eilavim
326 2926 416 3018 Papa
442 2925 708 3022 adpellationem
740 2923 930 2997 declar-avit
954 2926 1100 3012 nullam,
1131 2947 1156 2996 a·
1171 2923 1208 2998 se
1231 2925 1293 3006 ad,

105 3020 132 3101 ἵε
177 3022 211 3095 'ri
234 3018 332 3117 posse
357 3021 748 3116 negans;.Univers1tas
771 3040 879 3106 vero,
905 3020 1014 3092 variis·
1033 3018 1213 3115 prodestis
1236 3041 1300 3101 rae

105 3116 245 3199 ionibus
269 3133 308 3188 et
330 3118 515 3211 exemplis,
541 3140 617 3188 eam
645 3113 812 3188 defendit.
863 3113 942 3212 Quo
963 3137 1075 3187 terum
1102 3112 1189 3188 statu
1211 3115 1295 3195 Rex

105 3213 300 3302 alliorum,
323 3212 427 3284 missis
448 3234 511 3306 per
533 3208 708 3306 Europam
735 3206 872 3306 legatis,
907 3208 998 3282 viam
1024 3209 1182 3285 cessionis
1208 3210 1294 3292 strc2

105 3310 182 3399 tue,
207 3326 245 3382 et
271 3330 350 3379 cum
374 3304 545 3397 successu,
570 3307 766 3404 promovit..
789 3304 908 3378 Variis
930 3305 1025 3376 enim
1049 3305 1173 3380 eofini
1197 3305 1298 3380 habi·

105 3410 142 3485 ie
159 3403 395 3481 conventibus
419 3426 449 3476 a.
479 3410 606 3490 1396·‚
632 3422 668 3474 et
696 3423 798 3493 1397.
824 3422 863 3473 ea
889 3399 940 3473 est
963 3397 1105 3474 admissa
1128 3419 1165 3474 ec
1194 3401 1306 3475 sanci·

105 3496 144 3581 iu'
193 3501 292 3572 Inter
305 3520 401 3667 ἕως
424 3498 555 3571 eminet
582 3494 916 3584 mindoniensis,
939 3496 997 3569 ubi
1022 3497 1213 3591 quoquead
1229 3500 1300 3573 Boi

105 3590 260 3677 nfaeiom
286 3595 301 3665 1
341 3650 349 3668 .
390 3593 587 3666 Romanum
610 3593 749 3664 decreta
774 3588 825 3661 est
851 3589 989 3665 eumin
1014 3590 1128 3664 finem
1144 3592 1298 3686 legatio,

105 3690 239 3788 &iqui
261 3710 369 3782 aeque
395 3688 430 3760 se
456 3691 602 3763 alienum
627 3684 895 3776 demonstravit,
919 3709 962 3760 ac
987 3687 1143 3760 aemulae
1165 3688 1250 3782 ejus.
1286 3726 1292 3735 -

105 3788 108 3793 ’
142 3784 177 3891 ς.
203 3784 365 3859 CCCCX.
391 3785 475 3857 Huc
499 3808 578 3858 cum
594 3808 648 3856 res
665 3780 880 3874 devenisset,
902 3801 1047 3878 reguum
1067 3782 1302 3869 Gallicanum,

105 3882 217 3961 ioniio
249 3879 421 3968 concili0,
453 3878 632 3952 decretum
667 3876 854 3968 formavit,
886 3902 956 3972 quo
989 3877 1059 3950 sese
1083 3876 1303 3954 obedientiae

105 3978 223 4079 papae,
239 3972 396 4052 totaliter
426 3975 592 4052 subttaxit
623 3981 817 4141 ampnoi„
844 3973 955 4053 exstat
976 3974 1066 4072 apud
1090 3970 1304 4081 Daciaeriupa
