3022 4806
536 628 539 633 ·
621 600 727 677 Secul.
756 598 843 677 XII.
901 715 905 723 Ι
957 615 963 627 ’
1304 623 1350 695 15

136 776 166 876 le
195 779 238 853 ab
259 779 445 856 haeresroa
477 774 542 877 sus1
554 775 670 856 ieiune
701 779 843 877 penitus
884 780 1076 880 purgauit,
1115 783 1348 876 proedillomor

138 879 364 970 capitulorum,
387 877 495 950 verba
510 879 588 950 lunt
604 886 751 952 Ottunrs
769 877 1009 977 ltilingenlis,
1027 888 1149 971 purtim
1168 885 1285 966 iola,
1305 900 1347 952 ex

138 994 197 1046 roto
222 991 331 1048 aurem
349 973 483 1069 sensum
508 979 684 1070 abnegans.
739 975 903 1069 Denique
933 980 1125 1047 abeodem
1153 977 1258 1049 Petro
1284 979 1348 1047 Ca·

137 1072 303 1156 brlonem,
337 1068 490 1144 leuitatis
515 1091 622 1166 ergo,
656 1068 795 1156 millae,
830 1072 876 1141 int
902 1071 980 1165 pull
1011 1074 1179 1144 continua
1204 1075 1349 1168 pietatis

139 1185 172 1239 et
194 1168 350 1240 laborum
375 1165 565 1256 exercitia,
598 1165 783 1239 defunctus
810 1166 859 1236 ell
891 1191 921 1240 a.
951 1190 1078 1257 1142.‚
1104 1170 1244 1264 ejulque
1269 1189 1347 1241 cor·

162 1283 197 1334 us
238 1261 280 1337 ad
324 1261 520 1335 Heloillam
556 1261 690 1339 millum
734 1262 771 1334 in
824 1261 1070 1337 monasterium
1102 1264 1349 1340 Paracletense.

138 1288 221 1434 isid.
248 1355 360 1453 Epist.
385 1359 481 1430 Petri
511 1357 733 1432 Venerabilis
757 1358 798 1429 ad
830 1357 1037 1434 lisloillam·

180 1453 212 1553 d.
238 1455 324 1526 Xll.
352 1453 526 1550 opuscula
549 1452 640 1548 ejus,
665 1453 700 1526 in
729 1476 832 1526 unum
860 1456 1025 1528 volumen
1048 1453 1187 1530 redacta
1209 1476 1247 1530 et
1274 1455 1351 1532 edi·

139 1569 172 1625 ta
192 1549 271 1625 sunt
306 1547 421 1622 studio
446 1550 616 1622 Francil‘cl
634 1549 848 1639 ‚Amboelii,
881 1550 1042 1646 Equitrs,
1076 1550 1226 1642 Parisiis,
1269 1576 1352 1627 cum

138 1645 228 1724 notis
256 1645 421 1719 Andreae
456 1642 693 1744 Quercetani,
732 1644 804 1719 five
838 1648 1047 1736 Duelresnii,
1085 1646 1219 1720 insertis
1244 1649 1352 1724 etiam

140 1741 309 1841 epistolia,
340 1739 538 1836 rescriptis,
578 1741 720 1838 aliisque
744 1740 786 1814 a'd
816 1740 951 1815 causam
976 1741 1050 1838 ejus
1071 1744 1352 1838 pertinentibus,

140 1858 177 1925 ut
199 1857 237 1911 et
253 1837 497 1933 apologetico
512 1835 605 1932 ejus,
631 1856 752 1911 autore
767 1837 980 1932 Berengario
997 1838 1221 1926 proluviem,
1247 1842 1356 1916 disci«

141 1936 224 2034 pulo
240 1933 328 2030 ejus.
362 1935 451 2006 Sunt
474 1950 593 2009 autem
612 1954 720 2027 opera
737 1933 830 2028 ejus,
856 1932 1055 2029 Epistulae,
1080 1934 1254 2030 expositio
1279 1961 1355 2014 ora·

141 2029 245 2107 tionis
269 2028 507 2121 Dominicaew,
533 2046 570 2102 et
601 2027 835 2123 symbolorum
863 2028 1062 2125 Apostolici
1088 2050 1125 2102 et
1149 2031 1355 2126 Athanani,

138 2121 413 2203 'commentarius
434 2125 473 2197 in
497 2118 606 2217 Epist.
630 2123 672 2196 ad
696 2124 898 2212 Romanos,
929 2125 1081 2221 denique
1109 2145 1179 2200 tres
1207 2128 1286 2203 libri
1313 2130 1359 2204 de

143 2225 348 2309 Trinitate‚
391 2220 448 2293 seu
480 2218 757 2293 Introduilionis
795 2221 832 2293 in
865 2219 1112 2314 Theologiam.
1170 2222 1357 2302 Praeterea

145 2313 400 2417 quinquelibri
428 2311 650 2410 Theologiae
674 2311 909 2403 Christianae,
937 2316 996 2412 qui
1020 2317 1070 2391 ibi
1096 2315 1357 2415 desiderantur,

143 2414 277 2492 exstant
303 2413 341 2486 in
366 2408 524 2484 thesauro
540 2412 759 2482 anecdotorum
777 2413 944 2486 Martene
971 2430 1056 2489 tom.
1083 2414 1154 2503 V.,
1179 2439 1267 2511 quos
1292 2421 1357 2501 Pe·

143 2531 214 2587 trus
237 2506 458 2582 Lombardus
481 2505 635 2579 maxime
659 2507 796 2581 secutus
820 2506 890 2580 est:
924 2506 980 2581 ubi
1004 2507 1110 2584 etiam
1136 2533 1365 2590 commenta-2

143 2609 213 2684 rius
237 2603 423 2680 Abaelardi
447 2605 485 2676 in
510 2603 760 2675 Hexaemeron
783 2603 967 2698 reperitur.
1019 2606 1185 2680 Ceterum
1211 2630 1256 2681 ex
1283 2611 1365 2685 dic·-

146 2709 191 2782 tis
215 2699 403 2788 elucescit,
435 2717 473 2771 et
497 2718 543 2771 ex
567 2697 664 2771 lt'bria
686 2698 779 2795 ejus,
812 2700 1043 2774 Abaelardum
1065 2700 1167 2774 fuiffe
1188 2702 1359 2801 insignem

143 2795 398 2884 Dialecticum,
429 2792 527 2887 cujus
556 2793 742 2891 praecipua
774 2792 843 2868 fuit
866 2817 918 2868 ars
946 2795 1145 2891 disputandi
1170 2801 1359 2879 secundum

143 2894 283 2973 subtilia
305 2890 436 2987 logices
459 2909 669 2987 praecepta,
694 2908 875 2988 praeterea
899 2892 1015 2988 Ipsum
1042 2891 1218 2966 subtilium
1243 2917 1277 2968 et
1297 2904 1359 2974 ab·

144 2989 345 3068 straiiarum
368 2983 677 3078 ratiocinationum
707 2985 801 3060 circa
825 2986 986 3081 mysteria
1017 2986 1101 3059 fidei
1130 2988 1252 3085 jecille
1280 2994 1359 3070 fun·

145 3089 328 3177 damenta,
360 3081 466 3157 etiarn
490 3101 679 3177 propterea
709 3104 728 3156 a
752 3081 930 3156 communi
954 3084 1072 3180 regula
1093 3082 1129 3159 iu
1154 3089 1273 3163 multis
1300 3094 1368 3167 de·³

144 3183 261 3261 viane.

191 3278 223 3374 i.
248 3264 350 3353 xltl.
383 3275 480 3369 Hogo
508 3274 708 3361 Vrdorinos,
741 3271 799 3347 seu
821 3272 867 3347 de
895 3275 930 3349 S.
958 3274 1128 3365 viatore,
1170 3277 1242 3352 srve
1267 3280 1362 3356 Saxo

148 3374 271 3467 fuerit,
310 3390 352 3448 ut
379 3368 604 3469 Meibomiur
630 3369 668 3443 iu
705 3369 836 3444 differt.
869 3370 913 3443 de
938 3371 1012 3468 ejus
1041 3377 1157 3467 putria
1186 3395 1268 3450 tom.
1294 3379 1362 3453 111.

149 3472 367 3568 Scriptorum
394 3466 560 3542 German.
584 3466 733 3562 probare
759 3484 906 3541 conatus
927 3469 994 3554 est,
1020 3467 1091 3541 srve
1110 3471 1214 3566 Belga
1240 3473 1364 3567 lpren·

152 3569 213 3660 fis,
246 3584 285 3640 at
308 3587 354 3640 ex
370 3558 513 3641 vetusto
536 3560 679 3651 codice,
703 3578 740 3633 et
757 3562 912 3652 aliunde,
944 3564 1128 3639 Mabillon.
1153 3565 1190 3638 in
1215 3568 1365 3642 Analec-

151 3667 217 3757 tis‚
242 3661 441 3742 Canonicur
463 3655 529 3733 fuit
550 3653 719 3754 regularis
743 3656 780 3731 in
805 3659 980 3733 coenobio
1002 3659 1161 3735 Vidloria
1179 3660 1222 3735 ad
1248 3687 1368 3738 muros

150 3755 372 3849 Parifienl'es3
397 3754 492 3830 unde
516 3775 643 3830 nomen
670 3750 774 3844 tulit,
805 3775 965 3831 mortuus
987 3777 1018 3831 a.
1046 3779 1175 3848 1142„
1201 3778 1240 3831 ut
1251 3760 1366 3834 evicit

149 3858 228 3956 Pagi
254 3855 299 3932 ad
333 3850 534 3931 Batonium.
586 3847 668 3925 Fuit
697 3847 849 3924 summus
872 3850 1054 3948 Augustini
1086 3852 1256 3943 sectator,
1296 3856 1371 3927 dic·

152 3973 202 4031 tur
226 3952 341 4029 etiam
368 3966 557 4050 propterea
579 3947 667 4022 alter
691 3943 924 4045 Augustinus,
949 3948 1008 4023 vel
1026 3947 1143 4046 lingua
1169 3947 1371 4045 Augustini.

149 4049 292 4137 Eallaat
319 4069 433 4154 opera
464 4043 539 4145 ejus
569 4047 673 4127 olous
708 4040 767 4218 inB
782 4042 847 4137 fol..
871 4044 1128 4141 voluminibus,
1169 4066 1208 4121 et
1230 4062 1382 4218 pragma

788 4159 815 4232 4
1273 4161 1294 4217 ὃ
1318 4163 1383 4220 llo·
