3022 4806
673 118 776 187 Se.·:;e'.
803 115 907 191 Xllr'.

148 293 1364 489 llis‚⁰335lizzilllltrlmlpestilitatis„illisis

149 489 231 579 mod
243 487 378 580 semper
392 482 517 577 sttilli,
540 490 678 560 decom
702 486 886 576 corticum,
910 488 986 579 quio
1006 504 1066 577 per
1079 491 1244 563 molitiem
1259 495 1362 566 leomi-

143 606 252 671 rmm‚
295 604 357 657 reon
384 602 445 677 per
471 596 562 658 tuom
585 584 769 673 religionem
801 587 907 655 oriem
939 578 1058 675 oicifli.
1108 588 1164 658 Ad
1193 604 1226 657 te
1261 592 1363 661 trabit

141 679 308 765 lrominer,
343 699 405 750 non
427 675 564 771 ipsorum
585 680 736 767 deuotio,
769 693 827 748 ont
854 697 939 770 puro
962 680 1179 768 oonjcientio,
1213 681 1277 778 scd
1288 686 1364 780 sce·

136 773 244 845 lerum
268 774 495 866 multiplicium
515 777 732 868 perpetratio,
757 792 789 843 et
813 774 918 844 litium
936 770 1050 864 lecestr
1064 781 1169 870 pretio
1194 800 1362 874 comparo·

142 888 195 943 ro.
245 868 289 940 In
328 868 441 943 Gallia
476 869 690 961 Gulielmus,
727 866 917 941 Parifiensis
948 869 1172 966 Episcopus,
1204 874 1361 959 circae.

144 984 282 1052 reem,
308 962 368 1059 qui
394 965 590 1040 Romanam
616 961 802 1037 Ecclesiam
830 964 1013 1057 adpellavit
1039 966 1271 1064 Babylonem,
1298 973 1361 1046 So·

140 1059 306 1146 domam,
333 1059 395 1131 ΑΕ
445 1080 563 1156 prum,
595 1061 690 1156 cujus
713 1059 862 1133 Praelati
883 1083 955 1133 non
982 1058 1191 1153 aedificant,
1219 1066 1275 1139 sed
1301 1069 1363 1141 de·

137 1151 281 1227 struunt
303 1152 409 1229 Eccle
424 1179 512 1245 mm,
547 1157 641 1231 varia
664 1153 819 1250 scripsrt3
853 1176 940 1250 quae
963 1154 1097 1230 duobus
1123 1159 1360 1239 voluminibus

136 1248 182 1322 in
199 1251 274 1324 Fol.
298 1249 473 1345 prostant,
498 1274 604 1346 opera
621 1252 648 1323 F
650 1248 780 1325 errarii.
801 1252 977 1347 Jobannes
994 1252 1198 1345 Purisrensrs,
1233 1260 1358 1351 quide

135 1343 258 1441 Regia
289 1347 465 1440 potestate
497 1366 535 1420 et
565 1349 610 1420 Pu
638 1346 682 1420 ali
717 1370 786 1444 pro
828 1345 994 1442 Philippo
1024 1349 1174 1425 Pulchro
1215 1352 1359 1448 scripfit.

133 1440 291 1529 Probus,
322 1440 520 1539 Episcopus
543 1370 735 1533 Tuscum,
768 1443 1034 1551 Franciscapur,
1079 1448 1120 1519 de
1155 1469 1224 1542 quo
1247 1449 1360 1527 refert

137 1537 367 1626 Aventinus,
391 1538 517 1613 Annas.
542 1539 566 1613 l.
591 1539 697 1626 VIL,
724 1560 805 1611 eum
821 1536 923 1611 suiffe
941 1536 1121 1614 iuvenum
1142 1547 1177 1615 im
1202 1541 1357 1617 Romule·

138 1636 193 1727 jor
216 1634 387 1723 vultures,
412 1650 446 1706 et
477 1635 668 1730 Pontificum
677 1630 842 1729 flagitio,
867 1635 999 1718 luorum,
1024 1640 1222 1724 ororitiom,
1237 1638 1357 1734 super-r

145 1730 250 1812 liam,
279 1747 351 1803 etc.
404 1728 599 1804 Gulielmus
621 1732 665 1803 de
691 1731 726 1801 S.
751 1731 906 1816 Amore,
932 1723 1072 1800 Douor
1093 1749 1127 1802 et
1151 1732 1358 1831 Theologue

145 1821 358 1915 letificabo,
383 1825 420 1898 in
442 1824 534 1898 libro
552 1825 596 1899 de
613 1824 765 1921 periculis
784 1820 1020 1920 nomffimorom
1043 1840 1238 1921 temporum,
1266 1853 1354 1907 con·

153 1937 197 1993 nr
214 1917 475 2017 praedicatores
498 1920 754 2012 mendicantes,
781 1942 927 2018 quorum
943 1934 1018 1992 erat
1034 1919 1182 1999 summus
1199 1924 1357 2001 adversa·

154 2012 236 2105 nor,
261 2014 382 2090 iisdem
408 2014 564 2090 insistens
588 2014 768 2112 vestigiis,
793 2015 839 2089 de
864 2038 934 2112 quo
956 2012 1095 2110 postea:
1121 2019 1273 2121 denique
1290 2024 1356 2098 Pe·

155 2125 217 2185 true
232 2110 412 2207 Jobaonee
434 2111 575 2201 Olivur,
607 2108 801 2185 dioecesim
816 2108 1040 2189 Bituriceofir
1066 2115 1268 2194 Minorira:
1295 2141 1356 2194 cu·

154 2201 362 2298 matriculi
389 2207 429 2281 in
457 2208 653 2281 Romanam
680 2205 887 2293 Ecclesiam,
929 2224 1087 2304 tanquam
1109 2212 1355 2306 Antichristia·

157 2319 244 2392 mm,
271 2305 486 2376 meretricem
504 2304 819 2402 Apocalypticam,
845 2303 1056 2398 Babylonem
1072 2325 1162 2394 etc..
1187 2332 1234 2383 ex
1247 2311 1340 2383 libro

89 2440 91 2453 ι
157 2395 220 2487 rior
253 2396 292 2473 in
324 2399 561 2511 Apocalppfin
602 2399 760 2497 excerpti
797 2403 841 2474 ub
882 2397 1175 2494 Inquisitoribus,
1213 2401 1355 2478 exstant

154 2492 230 2584 epod
255 2494 432 2570 Baluzium
455 2519 496 2569 m
514 2491 711 2569 Miscellan.
736 2515 819 2569 tom.
840 2493 869 2568 1.
920 2495 1017 2567 Inter
1042 2497 1176 2593 Anglor
1194 2499 1261 2574 bac
1277 2522 1355 2597 par·

155 2602 183 2659 ee
215 2590 347 2685 primae
388 2608 488 2664 tenet
534 2592 714 2664 Robertur
753 2587 976 2675 Grolsetest‚
1017 2590 1074 2663 vel
1114 2592 1354 2690 Groisehand,

152 2682 223 2759 liae
245 2686 397 2782 Capito,
424 2684 620 2782 Episcopus
634 2682 909 2773 Licolnicenfie,
935 2683 992 2756 vir
1008 2685 1219 2765 eruditionis
1234 2691 1354 2787 etpie·

150 2779 222 2855 otio
242 2782 346 2857 laude
361 2781 628 2871 celeberrimus,
653 2784 713 2877 qui
736 2782 775 2857 iu
801 2779 924 2855 Curiae
933 2781 1135 2872 Romanae,
1151 2806 1201 2860 er
1223 2789 1353 2865 Mona-

89 2894 102 2903 ·
150 2874 311 2966 morum,
337 2874 422 2952 vitio
443 2878 623 2952 liberrime
645 2872 696 2949 est
721 2876 899 2965 lovellus,
933 2873 1186 2970 in'sermonilms
1203 2902 1239 2954 et
1265 2888 1355 2980 epis·

150 2973 224 3048 tols.
272 2973 375 3071 Quae
397 2974 559 3069 opuscula
581 2974 657 3048 sunt
681 2970 775 3047 edita
801 2971 837 3044 in
860 2969 1029 3065 fasciculo
1062 2996 1168 3050 rerum
1199 2997 1353 3073 expeten-

150 3068 252 3143 dorum
274 3086 309 3144 et
322 3070 560 3165 fugiendorum
595 3088 680 3144 tom.
704 3068 751 3143 11.
799 3067 918 3141 Habet
945 3066 1050 3141 etiam
1076 3070 1238 3164 quaedam
1256 3079 1355 3151 Mat·

150 3164 265 3241 breue
290 3165 483 3242 Pariliensm
507 3190 537 3242 a.
565 3188 696 3263 1253„
729 3182 828 3237 etex
848 3163 1007 3237 sermone
1031 3161 1146 3262 aliquo
1164 3168 1246 3265 Job.
1273 3173 1355 3249 Hur

151 3258 191 3334 oe
218 3262 313 3358 ipso,
347 3262 521 3358 catologus
551 3260 624 3358 tell.
656 3284 724 3335 rer.
757 3258 817 3335 lib.
842 3259 945 3333 XVI.
993 3259 1129 3351 Romu,
1162 3289 1279 3361 quarn,
1316 3289 1358 3345 ur

150 3354 259 3432 curiae
273 3358 453 3433 Romanae
468 3357 686 3439 turannidem
705 3375 742 3430 et
760 3353 959 3429 exustiones
977 3355 1014 3432 in
1034 3356 1160 3466 Anglic
1180 3363 1352 3454 reprime·

151 3467 218 3539 ret,
231 3453 336 3546 adiit,
353 3477 394 3528 re
408 3442 540 3527 inseiba
556 3474 636 3526 cum
653 3452 871 3540 disceffiffet‚
889 3450 969 3526 licet
987 3455 1077 3525 bene
1092 3454 1144 3527 obi
1162 3455 1275 3530 fuisset
1291 3457 1352 3528 bu·
1475 3448 1478 3455 ’

152 3541 721 3722 bitue‚ocremscripfitadPaparrrG
719 3548 973 3744 Ipnpcentium
982 3549 1050 3627 IV.
1061 3545 1355 3746 epistobmipppg

1443 3818 1471 4039 l
