3022 4806
26 37 1294 386 -

482 425 489 440 Ι

549 461 557 477 b

169 608 218 685 86
557 607 704 707 Historia
728 605 860 706 Ecclrs.
880 605 996 706 carrd.

218 781 251 880 l.
278 786 430 863 LXXV.
460 785 644 882 Tandem,
670 808 751 860 cum
775 789 979 885 luperator,
1004 787 1124 864 multis
1139 787 1177 863 in
1202 789 1293 867 ltalia

172 878 285 953 fectus
310 886 483 974 cladibus,
507 907 563 956 res
589 884 660 956 suas
684 886 829 977 amplius
853 886 941 960 tueri
965 909 1035 960 non
1060 886 1196 984 pollet,
1230 887 1289 961 aui

170 981 212 1048 ad
239 1000 359 1073 pacem
394 1005 474 1054 cum
508 981 707 1053 Alexandro
749 979 882 1055 sincere
923 981 1236 1057 ineundam-serio
1275 1007 1293 1056 a

170 1076 268 1163 cuir,
294 1100 323 1151 a.
352 1084 480 1170 1176„
506 1096 543 1147 et
567 1075 726 1173 singulari
751 1081 889 1150 ratione
912 1078 1079 1175 perfecit.
1128 1078 1242 1178 Quam
1274 1081 1293 1152 b

167 1169 256 1241 riam
291 1195 403 1269 nuper
437 1173 579 1269 egregie
612 1173 784 1245 enarravit
818 1174 1006 1248 Giannone
1038 1172 1118 1249 hist.
1143 1177 1292 1270 Neapoli

168 1263 291 1354 Xlll.‚
325 1290 388 1342 nos
413 1267 608 1342 summatim
631 1289 668 1340 et
696 1267 868 1344 succinere
893 1270 1075 1346 trademus.
1125 1273 1292 1347 Conveni

165 1380 221 1433 ter
246 1364 399 1457 Legatos
425 1367 637 1459 inperatoris
661 1378 698 1438 e't
725 1367 858 1461 Papae,
884 1363 1052 1440 inunum
1077 1367 1240 1458 coactos,
1264 1391 1292 1440 u⁴

163 1477 324 1550 perator,
335 1463 572 1533 reverentiam
599 1461 764 1533 exhibeat
792 1461 1012 1553 Alexandro,
1039 1485 1160 1559 pacem
1185 1465 1217 1537 ei
1240 1481 1279 1535 et

164 1550 356 1628 celloribus
381 1559 568 1654 relinquat,
603 1555 855 1652 praefecturam
888 1556 1004 1646 urbis,
1029 1575 1065 1631 et
1097 1579 1224 1632 terram
1259 1561 1292 1631 G

161 1645 256 1723 tiliae
289 1651 496 1744 Mathildis,
522 1651 701 1736 restituat,
726 1656 855 1749 regalia
881 1672 919 1726 et
942 1654 1165 1749 pollelliones
1188 1654 1287 1728 Petri

159 1747 245 1820 latas
278 1748 421 1839 reddat,
447 1749 595 1846 denique
622 1770 708 1846 quae
730 1749 775 1821 de
805 1746 940 1822 Callisto
973 1747 1164 1825 statuantur
1194 1749 1292 1823 obser

160 1841 364 1918 Alexander
388 1867 476 1918 vero
499 1844 664 1932 clericis,
688 1864 730 1919 ac
754 1843 849 1933 aliis,
877 1845 914 1918 in
940 1842 1067 1919 itinere
1094 1848 1286 1935 Venetiae,

161 1938 405 2032 Ravennam,
442 1939 502 2014 ubi
534 1943 625 2035 Papa
659 1959 863 2013 occurreret
905 1941 1127 2036 Imperatori,
1152 1940 1292 2017 securitr

158 2034 349 2133 praestaret
373 2055 411 2111 et
444 2059 581 2133 pacem.
633 2035 728 2134 Quas
752 2033 979 2110 conditiones
1002 2059 1046 2113 err
1069 2038 1225 2111 chartula
1240 2081 1244 2088 -
1258 2060 1292 2111 ot

157 2132 227 2206 nali
260 2132 422 2209 exhibuit
456 2133 539 2229 Pagi
569 2133 611 2208 ad
644 2133 828 2207 baronium
854 2155 885 2204 a.
922 2140 1027 2225 ¹17⁶·
1087 2136 1160 2206 His
1190 2133 1291 2208 condi

155 2231 260 2303 nibus
283 2232 411 2306 iterum
441 2252 554 2326 prope
581 2228 776 2318 Venetias,
794 2230 858 2303 ubi
877 2227 1003 2321 Legati
1022 2249 1284 2319 convenerant,

155 2328 280 2416 matis,
319 2343 356 2398 et
382 2326 472 2420 Regi
495 2324 634 2397 Siciliae
662 2324 801 2418 insuper
833 2345 897 2419 per
933 2343 979 2414 25
1014 2348 1123 2399 annos
1155 2348 1243 2421 pace
1283 2345 1291 2398 l

154 2419 264 2508 celsa,
297 2442 365 2494 nec
392 2441 464 2493 non
492 2419 754 2512 Longobardiae
776 2416 927 2491 induciis
955 2419 997 2492 ad
1028 2423 1087 2495 sex
1120 2442 1247 2512 annos,
1281 2421 1291 2492 l

153 2514 292 2588 dericus
316 2514 418 2588 venit
445 2515 636 2597 Venetras,
664 2533 702 2596 et
726 2537 789 2610 per
813 2515 1029 2607 Cardinales,
1055 2543 1075 2590 a
1099 2518 1191 2613 Papa
1225 2517 1291 2591 abl·

153 2628 230 2700 tos,
258 2608 479 2706 posteaquam
507 2608 721 2705 Antipapam
749 2611 949 2706 abjurasset,
976 2628 1010 2682 et
1047 2612 1248 2686 Alexandro
1279 2635 1291 2708 1

152 2707 294 2781 misrllet
312 2702 575 2793 obedientiam,
600 2704 773 2778 absolutus
797 2705 845 2778 est
863 2729 945 2780 cum
970 2707 1190 2802 Principibus
1210 2727 1248 2781 et
1266 2708 1291 2781 E

149 2804 254 2900 copis
284 2800 373 2892 suis,
397 2801 523 2876 eodem
550 2803 692 2874 vinculo
719 2801 925 2876 constridlis.
978 2803 1148 2900 Quando,
1172 2804 1211 2876 ad
1235 2805 1291 2900 Pap

148 2900 338 2990 addustus,
364 2895 567 2994 sedeposrta
593 2897 776 2993 chlamyde
795 2920 912 2971 coram
935 2921 980 2970 eo
1004 2899 1209 2993 prostravit,
1236 2922 1290 2996 per

149 3017 219 3094 que
242 2997 458 3078 deosculatus
481 2992 549 3081 est,
573 3016 683 3090 eaque
707 2993 844 3068 ratione
869 2994 911 3068 ad
938 2998 1093 3067 osculum
1118 2995 1212 3090 pacis
1239 2996 1290 3068 adr

146 3095 221 3181 sus,
249 3116 267 3166 a
287 3093 376 3188 Papa
394 3089 677 3164 benedictionem
698 3091 833 3187 recepit
849 3107 884 3164 et
901 3093 1203 3166 communionem.
1256 3091 1290 3193 Q

147 3187 266 3264 omnia
293 3209 375 3261 mox
400 3184 435 3259 in
462 3187 606 3284 Synodo
631 3187 799 3260 Veneriis
819 3187 1023 3260 confirmata
1049 3185 1145 3274 sunt,
1181 3205 1238 3275 et,
1271 3212 1290 3282 p

145 3283 327 3373 restituta,
352 3279 532 3355 discessum
556 3281 618 3356 est.
670 3279 831 3356 Vestitus
848 3284 988 3379 quidem
1005 3284 1091 3356 haec
1116 3287 1290 3358 reconcilia

145 3377 321 3458 nonnullis
345 3376 639 3463 circumstantiis,
675 3376 731 3450 sed
768 3377 877 3452 solido
911 3374 1085 3452 destitutis
1115 3374 1291 3463 fu'ndamet

143 3476 495 3572 Narratut,‹Papam
526 3474 653 3570 julsrlle
688 3472 908 3570 luperatori,
942 3494 1056 3546 coram
1092 3495 1168 3547 toto
1203 3499 1290 3571 popu

143 3593 183 3650 ut
205 3574 239 3647 se
263 3569 515 3669 prosterneret,
544 3590 582 3644 et
607 3590 731 3666 pacem
748 3570 959 3668 inploraret,
985 3594 1099 3667 eoque
1117 3569 1230 3659 faiho,
1249 3595 1290 3646 ca

141 3672 216 3766 ejus
253 3669 343 3764 pede
378 3667 437 3739 suo
469 3666 640 3763 preffille,
674 3683 734 3753 et,
766 3668 883 3740 verbis
913 3664 1030 3739 Psaltis
1061 3667 1124 3740 fibi
1156 3665 1285 3762 adplici

141 3765 288 3855 dixisse,
313 3762 409 3856 saper
430 3767 571 3856 aspidem
596 3778 627 3833 ct
651 3760 834 3856 bastliscam
863 3763 1068 3849 ambulabis,
1096 3778 1128 3836 er
1150 3766 1290 3840 coacalrr

138 3868 258 3939 leonem
291 3877 322 3933 er
344 3861 532 3947 draconem,
560 3859 795 3952 luperatorem
819 3874 937 3929 autem
964 3858 1155 3950 retorsisse,
1181 3883 1243 3933 nom
1266 3878 1289 3934 rt

127 3963 191 4059 sed
214 3960 329 4044 Petro,
362 3956 485 4049 Papam
511 3949 718 4048 reposuille,
750 3971 785 4023 et
810 3951 888 4022 milri
913 3970 949 4023 et
983 3953 1088 4027 Parra.
1147 3957 1235 4029 Cum
1267 3981 1289 4031 v

129 4056 470 4159 aequalesgautores,
492 4068 531 4126 ut
551 4045 626 4125 arta
639 4046 853 4139 Alexandri,
876 4048 1116 4140 Romualdur,
1142 4052 1289 4150 Archiep

160 4167 181 4204 ·“
218 4199 222 4211 .
270 4192 302 4212 -·
728 4163 732 4177 ’
783 4188 794 4205 ⁶
1250 4172 1289 4225 cc
