3022 4806
161 648 238 723 254
550 629 701 730 Hssoria
721 628 849 731 Ecclrfi
875 630 990 732 arist.
1420 644 1430 665 '

166 828 274 882 nemo
300 807 352 884 est
376 829 554 904 exemtus,
594 828 733 909 praeter
763 813 902 908 Papam.
951 810 1123 889 Tantum·
1140 829 1280 889 matra-
1295 820 1388 890 non·'

169 907 281 980 nullos
311 906 516 1004 Religiasor,
557 909 604 981 ob
629 911 912 1004 praerogativam
936 908 1094 1001 ordiale,
1131 928 1236 999 ¹erttrte
1263 909 1386 984 admu-
1417 998 1419 1003 1

168 998 251 1074 dum
268 1016 461 1098 procedere
485 1003 636 1094 debent,
661 1006 886 1101 quales-sunt
909 1002 1076 1101 Magistri
1091 1004 1254 1091 ordinum
1279 1006 1385 1079 Prae·

167 1096 390 1190 dicatorum,
431 1118 469 1173 et
495 1097 680 1175 Minorem
706 1102 917 1190 Generaler,
940 1122 1010 1174 nec
1031 1098 1287 1197 nonMagilisi
1311 1099 1387 1175 Ge·

165 1193 299 1267 neralet
324 1194 486 1268 ordinum
512 1196 727 1271 militarium.
773 1196 961 1271 Laicotum
986 1214 1025 1267 et
1045 1196 1255 1271 secularium
1279 1218 1387 1273 nemo

165 1287 217 1361 est
243 1312 430 1388 exceptus,
456 1313 501 1362 ne
528 1293 645 1387 Reges
668 1291 811 1389 quidem
836 1309 874 1364 et
896 1291 1100 1389 Principer,
1124 1292 1187 1366 nisi
1209 1294 1308 1391 quod
1334 1315 1382 1368 eo

163 1381 240 1456 casu
267 1405 374 1458 tutrua
402 1388 588 1476 habeatur,
611 1390 737 1484 Papam
763 1388 807 1461 de
831 1391 938 1461 modo
968 1388 1148 1485 procclsua
1172 1407 1299 1462 contre
1323 1410 1389 1466 eoa

163 1480 357 1556 consulere.
385 1484 530 1565 Crimen,
558 1504 652 1580 quod
677 1485 823 1578 aliquem
850 1504 969 1557 coram
1000 1485 1071 1557 lroc
1098 1484 1269 1557 tribunali
1297 1483 1385 1562 sistit

159 1594 281 1666 reum,
305 1577 337 1648 in
364 1600 491 1674 genere
516 1582 659 1675 quidem
680 1577 732 1650 est
750 1576 910 1670 lacteis,
935 1577 1027 1653 unde
1050 1579 1236 1676 lnquilitio
1254 1581 1377 1654 haeret

159 1670 252 1742 ricae
277 1674 460 1767 pravitatis
482 1679 690 1770 adpellitur,
725 1674 780 1746 sed
808 1673 845 1748 in
870 1675 1121 1749 praesensum
1145 1698 1220 1749 non
1244 1694 1380 1753 tantum

161 1765 312 1841 refertur
340 1770 490 1844 direetus
506 1774 599 1842 circa
623 1769 725 1842 fidem
743 1790 860 1857 error,
886 1770 945 1843 led
959 1771 1095 1845 crimen
1111 1773 1375 1868 qualecunque,

159 1858 252 1954 live,
279 1884 341 1959 per
356 1865 448 1955 quod
469 1866 638 1938 haeresros
654 1863 803 1960 suspicio
820 1865 955 1954 oritur,
987 1864 1080 1951 five,
1104 1870 1200 1962 quod
1218 1888 1302 1942 cum
1317 1868 1375 1945 di·

158 1980 232 2054 quo
261 1961 357 2034 dieto
390 1979 447 2033 aut
479 1960 574 2033 fallo
607 1959 807 2033 haereticnli
844 1958 895 2033 est
926 1962 1164 2058 conjunilum.
1215 1963 1376 2042 Proteia

156 2051 299 2152 itaque,
333 2076 369 2130 ut
394 2055 584 2131 dillintliua
605 2078 726 2155 agam,
757 2056 929 2129 habentur
965 2080 996 2133 1.
1021 2060 1195 2144 irrerericr',
1227 2082 1274 2155 pr
1324 2062 1375 2136 rie

154 2170 194 2223 et
214 2178 298 2226 vere
330 2152 378 2228 fic
395 2154 500 2243 dieti,
527 2177 672 2250 quorum
695 2174 763 2225 trer
783 2153 860 2227 sunt
883 2152 1100 2226 charatieret
1128 2184 1165 2231 ι.
1185 2083 1370 2254 ὸαρείῗωιιε

155 2249 392 2345 praegressus,
426 2250 485 2324 seu
520 2251 718 2324 Catholicae
750 2248 834 2321 fidei
861 2269 924 2343 per
950 2248 1367 2346 baptismumprosetlim

153 2346 191 2428 β.
217 2364 305 2415 error
325 2347 417 2416 circa
441 2344 582 2441 aliquod
604 2344 685 2418 fidei
708 2362 837 2436 caput,
869 2342 1003 2417 scilicet
1024 2345 1119 2441 quod
1148 2372 1167 2420 a
1188 2347 1281 2443 Papa
1304 2373 1367 2423 ne·

152 2437 300 2509 cellario
324 2440 505 2511 credendis
528 2437 580 2511 est
594 2440 817 2532 adscriptum,
844 2459 903 2513 aut
918 2438 1010 2513 inter
1031 2443 1236 2517 traditiones
1248 2445 1367 2541 Apost

150 2530 273 2604 totitas
297 2531 348 2605 cst
373 2535 515 2605 relatum
543 2562 576 2627 p.
599 2538 785 2627 pertinacia
818 2533 855 2606 in
883 2558 1020 2623 errore,
1063 2559 1160 2630 quae·
1179 2537 1284 2613 nh‘ctti
1309 2539 1366 2613 ira-³

148 2644 311 2723 putatur,
346 2627 391 2715 li,
413 2650 432 2700 a
453 2629 575 2724 judice
603 2629 686 2702 fidei
709 2631 753 2702 de
782 2629 840 2703 tali
864 2653 981 2703 errore
1007 2630 1225 2721 admonitur,
1264 2635 1301 2710 ei
1323 2636 1367 2711 nd

150 2724 350 2799 mandatum
372 2725 443 2819 ejus
467 2724 668 2799 renunciare
693 2727 847 2816 recuset,
873 2747 932 2800 aut
950 2729 1205 2823 poenitentium
1230 2728 1366 2827 injunc-

151 2838 225 2897 tam
251 2842 288 2895 et
313 2823 571 2919 abjurationem
599 2839 734 2895 renuat.
1262 2854 1280 2875 ,-

196 2917 228 3014 ᾗ.
256 2920 439 2992 ΕΟΧΙΧ.’·
456 2942 487 2991 n.
511 2918 787 3017 naereticorum
814 2913 903 2991 sunt
935 2899 1056 2994 variae
1091 2919 1230 3015 classes,
1270 2914 1364 2999 varii

150 3014 296 3182 prodor,
331 3014 429 3108 digni
460 3016 526 3111 qui·
556 3016 795 3097 innotescant,
835 3034 874 3086 et
907 3020 1163 3093 recenseantur.
1222 3044 1257 3095 a.
1288 3020 1363 3096 Alii

169 3128 231 3181 unt
261 3107 453 3196 manifesti,
496 3109 552 3184 alii
577 3108 709 3184 occulti
742 3110 924 3186 haeretici.
949 3144 953 3159 ι
976 3112 1176 3209 Μακὶίφί,
1216 3115 1282 3215 qui
1304 3134 1365 3193 uut

174 3203 289 3277 rofeffi
316 3204 412 3289 sunt,
437 3224 473 3274 et
492 3207 788 3302 praedicaverunt
816 3207 973 3302 publice,
1013 3229 1215 3284 autentum
1244 3213 1364 3311 lnqui⁴

144 3228 305 3377 iconibus
333 3300 512 3392 comitti,
538 3302 608 3374 fine
628 3301 768 3396 professi
793 3298 887 3387 sunt,
913 3323 973 3376 aut
998 3322 1201 3399 percorum
1223 3306 1363 3385 sentem

143 3397 230 3472 tiam
258 3397 478 3470 condemnati
505 3398 548 3470 de
575 3399 749 3472 haeretica
773 3399 965 3493 pravitate,
998 3398 1129 3475 Occulti
1151 3402 1362 3497 censentur,

144 3496 266 3589 quiin
295 3512 412 3567 mente
441 3513 576 3568 tantum
599 3494 746 3582 habent,
773 3493 852 3567 sive
874 3492 1044 3569 convinci
1066 3518 1270 3595 nequeunti
1296 3504 1361 3599 qui

141 3590 333 3666 secundum
362 3592 545 3663 nonnullos
576 3612 645 3663 non
669 3594 746 3662 sunt
775 3589 926 3687 subjesli
945 3590 1123 3682 mibanati,
1165 3594 1358 3675 secundun

139 3685 221 3761 alios
255 3685 653 3758 excommunicationem
682 3686 876 3759 incurrunt.
924 3690 956 3762 b.
976 3688 1053 3763 'Alii
1090 3688 1166 3767 sunt
1198 3693 1357 3788 adfirma-

142 3787 222 3872 εἰνὶ,
256 3782 500 3874 mitigarint,
526 3781 593 3868 illi,
629 3785 865 3876 quietiorem
892 3804 1011 3858 coram
1033 3784 1153 3879 jndice
1180 3789 1356 3865 confiten-

141 3898 219 3972 tur,
258 3898 294 3950 et
320 3876 548 3971 pertinaciam
575 3874 669 3950 disto
694 3894 753 3948 aut
778 3875 872 3949 fallo
895 3880 1140 3971 manifestant,
1180 3882 1217 3957 hi
1243 3906 1352 3981 vero,

165 3978 198 4051 ui
222 3976 277 4050 vel
304 3993 454 4071 negant,
480 3972 565 4045 licet
591 3994 654 4067 per
678 3969 780 4044 testes
804 3974 983 4066 convitii,
1016 3997 1052 4048 et
1076 3980 1285 4055 catholicum
1310 3981 1353 4056 li·

118 4002 211 4150 sem
242 4071 490 4171 profiteantur,
515 4068 574 4144 vel
591 4090 716 4145 omnen
732 4082 885 4165 errores,
910 4091 1106 4148 antomner
1131 4074 1359 4241 sncloa,.'re.,

1234 4192 1350 4250 Velle
