3022 4806
87 27 1469 391 —

309 398 318 407 κ

652 542 760 626 Stcnl.
784 545 887 624 XVI.
1322 562 1395 658 607

157 731 315 831 plomate
353 743 385 803 a.
422 745 531 819 1550.
558 722 760 824 publicato:
794 724 910 802 uoluit
944 743 1085 818 tamen,
1125 726 1210 805 licet
1244 730 1390 811 instaret

159 826 310 918 Caesar,
341 828 589 900 continuationis
613 843 704 897 voce
727 820 801 914 uri,
833 847 880 897 ne
902 825 1085 922 legitimae
1111 825 1327 903 transsationi
1351 856 1388 906 a·

153 922 268 1022 liquid
291 941 467 997 crearetur
491 917 718 1018 praejudicii,
742 942 846 1018 quare
870 926 978 995 verba
1002 920 1159 1017 resumere
1185 944 1222 996 et
1238 924 1386 1023 prosequi

156 1018 335 1109 adhibuit,
370 1017 423 1093 ita
456 1035 596 1107 mmen,
631 1033 670 1090 ut
702 1014 891 1115 superioris
923 1018 1059 1114 Synodl
1095 1019 1245 1094 decretis
1276 1025 1385 1100 robur

157 1119 260 1195 suum
290 1112 483 1205 constaret,
508 1131 547 1189 et
578 1110 734 1210 ejusdem
761 1111 906 1186 concilii
930 1116 1175 1205 continuatio,
1200 1140 1272 1191 non
1298 1121 1385 1197 novi

156 1209 329 1303 indislio,
355 1209 622 1309 intelligeretur.
672 1209 842 1283 Resumta
864 1208 979 1306 itaque
1004 1213 1151 1306 Synodo
1176 1212 1385 1292 Tridentino

155 1335 193 1387 a.
222 1330 331 1400 1551.
355 1306 439 1404 quin
466 1329 511 1383 ue
537 1306 700 1382 seffiones
719 1305 796 1380 sunt
810 1304 973 1395 habitae,
997 1308 1247 1400 xil-xvi,
1273 1335 1383 1406 quan·

152 1406 205 1483 do
228 1407 344 1480 rursus
367 1400 418 1478 est
442 1331 621 1501 iuspeusa,
645 1399 834 1476 secundum
854 1402 1003 1498 plurima
1017 1402 1175 1500 suffragia
1194 1429 1223 1479 a.
1248 1428 1380 1500 1552„

150 1503 204 1580 ob
236 1499 318 1579 belii
352 1498 608 1599 tempestatem.
659 1499 834 1572 Rationes
851 1521 917 1596 pro
936 1499 1174 1594 suspensrone,
1199 1521 1236 1574 et
1254 1524 1380 1580 contra

150 1621 255 1692 earn,
286 1594 433 1672 exhibet
458 1597 596 1694 Vargar
625 1594 664 1670 iu
692 1618 713 1669 e
740 1592 865 1686 istolis,
899 1593 958 1692 qui
985 1597 1125 1689 scopum
1158 1616 1194 1670 er
1229 1596 1380 1678 artificia

150 1696 270 1791 Papae
301 1715 444 1805 quoque
480 1692 657 1790 exposuit.
704 1619 871 1766 incessit
898 1710 1016 1766 aurem
1042 1690 1215 1787 suspensio
1238 1699 1283 1768 ob
1309 1701 1381 1771 bel·

150 1794 230 1870 lum
270 1786 540 1865 Mau'rrtianum.
588 1788 744 1865 Decreta
774 1788 915 1882 quidem
948 1810 990 1861 ea
1021 1807 1115 1878 erat,
1140 1789 1182 1861 ad
1212 1793 1379 1869 biennium

151 1888 319 1977 rantum,
345 1885 402 1960 scd
426 1887 474 1961 ob
502 1883 701 1984 Principum
725 1880 998 1958 Christianorum
1023 1881 1211 1958 discordias
1236 1885 1378 1965 duravit

149 2006 219 2158 per
247 1984 458 2072 decennium,
489 1980 629 2080 quando
660 1978 741 2056 Pius
772 1980 841 2055 IV.
875 1979 1055 2076 synodum
1082 1982 1265 2055 revocavit
1291 1983 1377 2058 Tri·

178 2102 225 2156 en

225 2077 538 2175 tum,‚diplomute
565 2077 650 2154 doto
676 2099 708 2152 a.
737 2082 843 2166 1560.
875 2075 953 2243 (ἐκ
977 2077 1115 2150 rarione
1138 2077 1377 2176 redintegrata

150 2175 208 2265 est
233 2197 265 2251 a.
295 2181 424 2266 1562„
459 2193 652 2250 eruorem
681 2171 823 2246 ultimae
849 2169 883 2245 se
923 2192 1007 2243 ones
1035 2170 1173 2246 habitae
1197 2173 1293 2267 sunt,
1320 2195 1376 2250 ro·

151 2291 305 2366 tumque
344 2269 550 2362 concilium,
592 2267 722 2369 viginti
754 2268 908 2378 quinque
940 2264 1375 2384 selironescomplesum,

147 2368 205 2447 est
226 2366 419 2476 absolutum
442 2388 475 2442 a.
503 2370 614 2461 1563.
666 2366 831 2439 Ceterum
864 2361 1044 2438 historiam
1082 2386 1156 2459 epus
1184 2364 1245 2441 sub
1276 2368 1371 2463 Julto

147 2462 320 2546 illustrant
341 2463 479 2576 litterae
505 2464 669 2559 Vargae,
694 2477 730 2572 et
745 2460 979 2571 Malvendae,
1007 2460 1149 2574 iubilo
1165 2485 1253 2574 vero
1269 2465 1372 2576 Tinu-

144 2585 235 2643 anus
257 2577 455 2649 enarmvrt3
488 2580 575 2655 quae
605 2575 757 2632 narratro
784 2578 821 2669 tn
856 2557 1009 2669 plonius
1044 2581 1119 2653 epus
1158 2558 1373 2637 edrnoorbur
1507 2649 1509 2655 ¹

143 2654 381 2748 desideratur,
412 2653 472 2733 sed
502 2655 544 2730 ad
578 2655 710 2730 calcem
743 2652 967 2751 Heudeggetr
997 2676 1035 2727 ιιι
1066 2670 1237 2746 anatome,
1265 2657 1371 2754 supra

143 2767 359 2838 memorata,
382 2748 505 2827 exstat.
568 2814 571 2819 .
864 2788 869 2809 ι
1167 2845 1176 2862 ι
1274 2848 1284 2864 .

148 2930 153 2937 ,
196 2850 231 2952 5.
253 2845 392 2925 DLVI.
432 2846 540 2948 Quod
573 2846 616 2923 ad
655 2849 799 2922 nembro
829 2859 862 2916 ιι
892 2847 1017 2920 modurn
1049 2845 1176 2955 agendr
1212 2846 1369 2943 adunet,

145 2970 221 3066 tres
237 2939 490 3117 praesederunt
506 2942 725 3055 cardinales,
750 2961 787 3016 er
805 2941 915 3038 Papae
933 2941 1080 3039 Legatr,
1096 2959 1265 3051 'tempore
1280 2947 1369 3024 Pau·

145 3035 1368 3250 huilltffihsdppeepitMpppotrit{unporppapcppsltseacffllvrppulsll.§353

142 3229 1366 3441 Prnaiiiiiii‘iriiruiiiplil'ariilltiiegiii'ciiiiuliiliigatiibAeriliiiiiciisl,

140 3451 183 3509 et
206 3424 404 3526 inperrosus
429 3424 453 3497 S
480 3423 564 3536 noir
586 3423 802 3512 dommum,
826 3443 865 3498 et
890 3422 1053 3535 Aloysrus
1074 3424 1361 3527 Lrppomannus,

141 3518 361 3634 Veronensis
382 3448 690 3623 Arcireprscopus.
740 3518 907 3632 Denique
930 3517 992 3631 sub
1015 3520 1081 3594 Pro
1103 3520 1170 3599 lV.
1196 3526 1360 3621 praefidi-

137 3614 968 3827 liri‘ni'flfoniiii‘lniilii‘iiiiii?
983 3616 1362 3829 institisti

141 3807 358 3924 Apollolrcrr
378 3809 424 3924 (ξε
455 3809 564 3924 latere
586 3811 719 3909 legans.
765 3810 1133 3927 JolrannnrsMoroor
1155 3815 1286 3927 vitam,
1319 3834 1359 3895 et

142 3904 404 4021 Lutheraursmr
431 3903 682 4019 susprcronem,
714 3931 817 4007 quam
848 3928 1019 4023 incurrit,
1052 3933 1094 3987 ac
1115 3931 1228 4010 capua
1257 3933 1361 3988 acco·

143 4008 325 4092 sanonum
357 4001 506 4103 exhibet
531 4003 742 4085 schelhorn.
778 4025 945 4092 amoenus.
977 4009 1140 4089 Ltoetsm
1165 4026 1251 4083 tom.
1274 4007 1358 4088 ΧΗ.

666 4102 845 4207 Gssss
1213 4104 1367 4207 Reium

1394 4198 1469 4532 l
