2976 4830
226 607 307 681 uro
627 599 778 704 Historia
799 604 930 704 Earsos.
956 607 1080 709 chella.

235 781 449 881 conjunxit,
482 799 520 857 et
548 780 809 876 instrustionea,
848 785 1004 863 tetendit
1040 790 1254 884 venetias,
1287 820 1363 894 quo
1399 804 1471 880 socii

238 884 344 959 etiarn
366 898 560 971 venerunt,
586 902 616 952 a.
648 907 774 978 1537„
800 881 857 958 ubi
875 883 970 958 ideni
990 888 1115 961 renuit
1140 891 1243 966 vitae
1267 893 1469 991 institutum,

238 976 412 1075 adjundlia
434 976 542 1050 etiam
568 976 737 1055 viliffimia
762 997 797 1053 et
821 981 967 1054 sordidis
990 982 1213 1083 ministeriis
1239 990 1281 1064 iu
1301 993 1470 1071 Valetudi-

238 1072 364 1167 nariir,
390 1073 433 1148 ad
459 1072 752 1184 usqueleprosna,
777 1096 814 1150 et
842 1076 972 1151 Gallica
998 1078 1058 1150 lue
1090 1079 1271 1160 infestos.
1325 1089 1393 1192 Qui
1411 1118 1462 1167 au·

234 1188 309 1249 tent
335 1170 430 1244 inter
456 1169 569 1243 lucror
591 1192 689 1246 erant
713 1173 924 1261 sacerdotes,
951 1173 1069 1248 missas
1089 1179 1464 1286 administramntgn·

235 1267 280 1344 tir
290 1294 302 1360 3
327 1287 474 1366 quorum
500 1266 536 1338 in
562 1267 700 1341 classem
728 1271 802 1366 ipse
830 1270 979 1364 ignatius
1012 1271 1089 1345 hoc
1118 1296 1294 1375 ternpore
1315 1283 1364 1355 esl
1385 1289 1467 1361 rela-

237 1384 305 1443 tut.
356 1362 464 1437 Haud
498 1360 555 1433 diu
591 1362 670 1458 post
704 1366 853 1439 Romam
881 1387 959 1438 cum
992 1367 1104 1442 sociis
1136 1376 1337 1468 prosee'lu'a,
1376 1403 1408 1453 et
1430 1382 1466 1458 io

234 1461 365 1540 itinere
391 1453 534 1532 coelesti
553 1459 630 1533 viso
652 1461 898 1550 confirmatur,
933 1477 971 1533 et
993 1464 1195 1542 animosror
1225 1472 1355 1564 sac'tua,
1392 1478 1457 1552 sese

235 1559 275 1637 in
302 1558 417 1669 Papae
442 1552 592 1651 gratiam
615 1555 825 1648 insrnuavit,
858 1577 896 1631 et
921 1555 1011 1631 aliud
1041 1561 1147 1635 vitae
1170 1565 1392 1661 institutum,
1414 1597 1462 1647 re·

238 1651 323 1732 lien
348 1649 545 1726 infidelium
569 1652 822 1744 conversione,
863 1674 901 1727 et
925 1651 984 1726 vili
1010 1677 1252 1753 aegrotorum
1279 1689 1378 1758 cura,
1408 1672 1460 1744 ad·

237 1746 390 1848 optavit.
441 1745 553 1822 Anno
578 1747 674 1823 enirn
701 1757 807 1844 1538.
832 1748 870 1822 in
897 1749 1060 1842 Templis
1094 1777 1301 1853 coeperunt
1323 1768 1460 1840 concio.

237 1844 334 1931 nari.
367 1845 476 1920 sacras
501 1843 636 1918 litteras
663 1847 803 1942 publice
826 1844 1006 1942 profiteri,
1038 1868 1076 1922 et
1103 1856 1314 1932 catechessn
1338 1861 1459 1935 habere

235 1940 408 2033 vicatim,
448 1961 529 2015 curn
553 1938 738 2050 frequente
762 1941 981 2021 consessionis
1003 1960 1044 2016 et
1070 1948 1307 2026 eucharistiae
1332 1961 1457 2031 exerci-

236 2036 303 2118 tio.
352 2035 503 2141 Quando
530 2037 627 2110 brevr
642 2034 721 2133 post
744 2039 883 2112 aPaulo
899 2039 964 2113 111.
989 2039 1141 2117 Ordinis
1161 2044 1365 2143 inpetravit
1382 2077 1453 2126 con·

238 2135 497 2223 firmationem,
530 2156 577 2206 eo
600 2133 637 2207 in
663 2132 784 2230 primia
811 2131 887 2207 usur
909 2154 1120 2232 argumento
1144 2141 1341 2236 plausibili,
1375 2147 1454 2244 quod

238 2252 424 2329 tempora,
461 2229 535 2304 sedi
553 2230 733 2304 Romanae
757 2226 946 2326 periculosa
972 2251 1039 2326 per
1053 2232 1375 2333 reformationem,
1411 2246 1456 2318 in·

235 2330 312 2408 dier
339 2327 463 2424 ubique
486 2325 582 2400 vires
606 2325 866 2422 acquirentem,
905 2343 946 2400 et
976 2326 1258 2409 monasticorum
1293 2338 1454 2414 Ordiounr

233 2424 524 2510 inminutionem,
552 2423 608 2495 vel
633 2418 916 2516 corruptionem,
949 2422 1120 2498 Ordinem
1146 2451 1185 2500 re
1216 2434 1377 2510 uirerent
1395 2435 1454 2510 sedi

234 2516 349 2618 Papali
374 2540 437 2616 per
455 2514 573 2591 omnia
595 2516 785 2606 deuotum,
808 2514 873 2684 poi
900 2516 1155 2596 emendationis
1179 2453 1341 2622 {eciem
1363 2558 1451 2631 prae·

71 2637 81 2659 ⁸
232 2617 391 2706 serebat,
424 2630 460 2687 et
485 2609 598 2687 Verbi
624 2611 695 2684 Dei
723 2634 806 2709 prae
833 2612 1004 2688 icationer
1034 2637 1076 2690 ar
1094 2615 1347 2701 institutiones
1368 2650 1452 2703 cate·

229 2713 385 2791 dheticaa
408 2708 512 2810 gratia
537 2711 734 2783 exercebat.
783 2707 866 2783 Hac
888 2710 1027 2784 ratione
1049 2715 1288 2795 confirmatur
1318 2723 1368 2798 est
1390 2726 1447 2798 Or·

232 2814 303 2903 do,
329 2808 482 2909 primum
506 2829 587 2881 curn
610 2803 784 2880 nonnullis
813 2803 1098 2898 imitationibus,
1142 2832 1179 2884 et
1207 2816 1252 2887 ad
1279 2841 1450 2896 numerum

231 2904 414 3009 sexaginta
447 2906 683 2981 membrorum
714 2898 912 2993 restrielur,
950 2924 982 2978 a
1009 2924 1136 2996 1540„
1178 2907 1241 2984 sed
1273 2914 1359 2989 dein
1389 2917 1452 2991 fine

230 2988 298 3081 illia
341 3026 372 3079 a.
407 3024 512 3098 ¹543·
563 3001 643 3096 lpse
673 2997 846 3095 ignatius,
886 3023 916 3072 a.
955 3018 1060 3088 1541.
1095 3002 1241 3082 Ordinis
1277 3010 1450 3088 Generalis

230 3095 466 3186 constitutur,
494 3097 632 3171 Rornae
656 3098 699 3170 ab
721 3106 764 3168 eo
789 3112 951 3192 tempore
974 3115 1145 3189 moratur,
1179 3123 1219 3175 et
1245 3105 1451 3200 Judaeorurn

232 3193 481 3281 conversioni,
512 3213 553 3268 ac
579 3193 811 3266 soemInarum
835 3191 1002 3288 inprobae
1024 3192 1121 3268 vitae
1144 3204 1392 3280 emendandae
1406 3206 1452 3280 in·

229 3289 377 3377 (bbuit,
402 3286 565 3386 usquead
582 3308 755 3377 mortem3
779 3308 866 3384 quae
883 3311 913 3362 a.
935 3296 1040 3379 1556.
1067 3290 1205 3369 accidit.
1257 3298 1341 3374 Post
1367 3328 1451 3376 rnor-

230 3384 308 3463 sem
332 3383 385 3461 est
407 3383 531 3460 sanun
545 3382 732 3483 adscriptus
755 3404 775 3455 a
798 3383 904 3457 Paulo
921 3383 970 3459 V.
996 3406 1026 3459 a.
1054 3395 1184 3479 1609.,
1211 3413 1250 3463 et
1273 3399 1452 3473 canoniza-

228 3500 286 3563 tur
310 3503 331 3554 a
355 3480 536 3582 Gregorio
560 3480 645 3556 XV.
679 3506 710 3557 a
737 3485 866 3568 roan,
907 3477 965 3553 die
993 3480 1093 3577 ipsrus
1128 3490 1328 3563 memoriae
1360 3490 1451 3570 sacro

227 3570 428 3657 Constituto
456 3577 588 3654 XXXI.
612 3577 683 3676 Jul.
731 3576 774 3650 ln
809 3572 916 3686 qu'em
948 3595 1029 3652 curn
1062 3578 1190 3656 festum
1227 3586 1263 3659 S.
1291 3587 1450 3666 Germani

226 3672 384 3762 ineidat,
416 3692 456 3748 et
479 3671 577 3749 rixae
599 3672 709 3750 essent
732 3670 771 3747 in
797 3670 905 3747 Gallia
931 3692 1047 3762 ortae,
1087 3675 1277 3756 decretum
1298 3685 1372 3776 est,
1409 3705 1445 3760 ut

225 3784 342 3854 narrat
364 3766 485 3847 Heide
513 3792 616 3884 perun
642 3767 677 3843 in
711 3767 846 3862 historio
872 3770 1040 3866 Papatur,
1083 3772 1203 3851 nescio
1234 3795 1303 3875 quo
1325 3782 1441 3856 sunda·

224 3882 372 3959 mento,
403 3867 464 3944 vel
487 3793 583 3943 daem
605 3863 699 3939 inter
722 3862 816 3963 ipsos
841 3861 912 3939 esse
933 3863 1184 3960 dividendum,
1218 3877 1278 3951 vel
1302 3878 1446 3953 Germa·

219 3984 307 4048 nunu
335 3958 626 4069 relinquendum,
664 3955 711 4035 ita
742 3976 781 4035 ut
810 3983 903 4037 anno
933 3961 1103 4037 Bilsextili
1140 3986 1284 4048 tanturn
1312 3996 1358 4047 eo
1391 3972 1451 4050 die

76 4055 419 4520 m,
466 4051 842 4213 madriu-elur
859 4056 1013 4139 nonore·
1025 4059 1141 4162 Papae
1152 4064 1455 4245 humma.
