3022 4806
125 627 197 703 cod
515 605 666 706 Historia
686 604 814 708 Eresos.
839 601 957 707 ernust.

138 789 400 873 accusationem
439 781 625 896 historici,
660 807 699 862 ut
731 785 934 864 Marthama
964 779 1178 875 nannenus,
1208 776 1346 857 diberi-

135 915 196 968 cus
223 888 446 973 Monachus,
471 901 508 954 et
530 882 598 954 aiu.
630 884 764 958 Martii.
788 879 892 958 Paris.
916 907 948 958 a.
979 887 1085 976 1238.
1111 901 1229 957 tamen
1245 898 1349 972 prae·

136 986 272 1074 mittit,
286 981 421 1075 famam
446 979 646 1070 inperatoris
669 981 834 1053 admodum
858 976 919 1075 effi
935 975 1161 1074 obfuscatam,
1185 991 1218 1049 et
1237 994 1351 1052 maca-

143 1087 266 1168 sotam,
291 1084 332 1151 oi
357 1077 495 1162 invidis,
523 1076 685 1163 mimicis,
710 1095 742 1151 et
765 1072 995 1171 aemuiissuir.
1044 1075 1122 1148 imo
1140 1072 1349 1148 chronicon

138 1174 404 1274 Augustanum,
431 1188 531 1243 autor
558 1170 821 1266 compilationis
843 1169 1057 1265 Chronoiog.
1084 1166 1248 1258 Pistorii,
1271 1162 1351 1242 aiii·

165 1295 230 1360 ue,
254 1269 412 1355 tradunt,
437 1264 660 1340 Fredericum
679 1270 747 1342 taie
762 1266 846 1363 quid
861 1285 946 1340 vere
962 1262 1149 1354 effutiiffe,
1171 1263 1212 1337 in
1234 1259 1351 1336 comi·

138 1370 199 1446 rrir
215 1358 556 1437 Francofurtensrbur
580 1382 607 1431 a
634 1384 761 1457 1234„
784 1362 947 1436 audiente
963 1358 1143 1448 Heorico,
1168 1358 1354 1454 Landgra-

143 1463 207 1538 vio
234 1460 270 1531 T
271 1456 477 1552 huringiae,
501 1455 559 1529 sed
580 1454 668 1530 teste
686 1458 817 1548 infido,
840 1476 878 1529 et
901 1454 1082 1530 Frederici
1104 1453 1261 1528 aemoio:
1294 1448 1355 1524 ad·

138 1559 228 1633 dunt
258 1571 297 1626 et
323 1551 406 1640 alia,
440 1550 513 1638 uti,
557 1552 671 1646 quod,
707 1575 787 1628 cum
811 1550 1027 1628 sacerdotem
1050 1569 1174 1641 corpur
1205 1542 1357 1622 Domini

142 1653 187 1727 ad
209 1647 385 1723 infirmum
411 1645 626 1753 deserentem
642 1647 801 1738 vidisset,
824 1647 973 1742 quamdiu
989 1647 1120 1722 durabit
1133 1640 1356 1814 truffayia‘?
1405 1734 1417 1741 ἐ

136 1745 288 1826 dixisset.
347 1742 416 1816 Sed
446 1744 519 1837 tpse
552 1742 755 1836 inperator,
794 1741 943 1839 pubiicir
974 1743 1017 1816 ad
1051 1739 1226 1813 Praelatoa
1264 1737 1360 1834 crip-¹
1415 1764 1422 1811 ι

141 1846 191 1921 tir
213 1837 361 1928 litteris,
384 1858 426 1909 ea
452 1835 570 1910 omnia
595 1859 661 1930 pro
685 1840 781 1932 puris
807 1839 903 1934 potia
925 1835 1046 1913 habuit
1067 1830 1279 1924 calumniia,
1310 1847 1352 1904 et

142 1938 251 2016 fidem
277 1932 372 2008 suam
395 1931 623 2038 catholicam·
638 1935 748 2027 paiam
774 1930 945 2023 proseiiur
968 1931 1029 2007 est.
1074 1927 1225 2005 Exstant
1254 1928 1355 2006 iitte·

140 2056 202 2114 rae
228 2054 248 2106 a
274 2029 320 2105 ud
343 2029 482 2101 Petrum
505 2025 550 2099 de
575 2027 703 2101 Vrneir
731 2028 795 2103 lib.
818 2030 848 2104 1.
871 2050 947 2125 cap.
975 2050 1033 2122 pr.

187 2128 219 2229 ς.
245 2055 440 2199 inxxrrt.
473 2119 601 2217 Erupit
639 2147 723 2201 mox
756 2123 975 2201 concertatio
1008 2123 1047 2196 in
1087 2139 1255 2223 apertam
1287 2118 1361 2197 bei·

150 2227 225 2304 ium
251 2218 467 2296 intestinum.
517 2220 702 2314 iaperator
725 2218 920 2316 e·vestigi0
944 2219 981 2292 in
1006 2215 1293 2295 Mediolanenses
1319 2230 1359 2289 et

147 2317 416 2402 Bononiensea,
441 2312 502 2408 qui
525 2315 637 2404 Papae
660 2315 989 2411 patrocinabantur,
1020 2337 1114 2393 arma
1137 2315 1275 2403 movit,
1307 2307 1362 2385 in·
1418 2362 1422 2366 -

147 2414 287 2509 deque,
310 2406 472 2482 finitimis
494 2407 673 2501 occuparia
696 2407 853 2506 oppidis,
885 2411 1037 2484 Romam
1060 2410 1157 2486 recia
1181 2404 1361 2496 tetendit,

144 2525 187 2584 ut
217 2527 299 2579 earn
332 2519 577 2596 expugnaret,
619 2521 656 2575 et
679 2504 807 2600 Papam
833 2506 985 2602 puniret.
1034 2506 1103 2580 Sed
1127 2525 1209 2579 cum
1246 2503 1362 2598 Papa,

146 2622 256 2680 cruce
278 2616 319 2672 ac
342 2595 499 2690 reliquiis
532 2594 728 2690 productio,
762 2603 961 2675 Romanum
985 2603 1154 2694 populum
1185 2619 1249 2695 per
1282 2617 1364 2696 pro·

148 2720 210 2774 ces
230 2713 269 2768 et
291 2693 460 2787 iacrymas
482 2688 519 2763 in
542 2709 658 2783 partes
681 2693 752 2767 suaa
777 2695 950 2792 traxisset,
987 2693 1187 2794 conscripto
1216 2712 1360 2791 quoque

145 2788 401 2878 cruciatorum,
442 2784 651 2880 amplissimis
682 2789 852 2885 promiffia
884 2789 1133 2886 induigentiir,
1178 2789 1361 2878 exercito,

149 2894 361 2989 Imperator,
384 2879 462 2994 post
496 2898 673 2959 certamen
700 2908 781 2959 cum
805 2886 848 2959 iis
872 2884 1051 2972 habitum,
1078 2909 1149 2985 quo
1167 2905 1227 2958 eoa
1242 2879 1361 2972 fodit,

148 3006 187 3061 et
209 2982 327 3079 gravia
352 2982 396 3054 de
422 2982 465 3052 tir
491 2978 601 3055 sumta
628 2981 816 3077 supplicia,
841 2982 884 3054 ab
909 2981 995 3053 urbe
1018 2979 1188 3069 discedit,
1218 2993 1257 3053 et
1278 2995 1364 3073 qua·

154 3101 293 3173 cunque
323 3070 456 3148 transsit
482 3074 650 3167 vastavit,
677 3101 718 3150 ac
735 3075 901 3153 incendio
920 3073 1060 3151 desevit.
1092 3076 1180 3152 Inde
1201 3072 1241 3149 in
1258 3072 1365 3149 Cant·

151 3177 289 3350 εεηίαω
312 3166 425 3243 movit
457 3166 571 3339 fiim’
611 3191 649 3242 et
685 3174 946 3258 Beneventum,
980 3171 1099 3246 omnia
1131 3169 1291 3261 diruena,
1323 3185 1365 3244 ec

184 3271 218 3343 bi
244 3263 436 3363 subjicient.
520 3263 746 3342 eclesiasticos
770 3264 808 3341 in
832 3266 963 3363 Regno
987 3267 1148 3356 Siciliae,
1180 3267 1295 3362 Papae
1310 3261 1364 3341 sa·

155 3382 304 3451 venter,
335 3359 465 3458 partim
506 3359 710 3449 trucidavit,
749 3361 877 3458 partim
911 3364 949 3434 in
982 3381 1158 3438 carcerem
1190 3358 1363 3458 conjecit.

154 3463 309 3557 tagaton
332 3456 472 3553 quidem
495 3454 532 3530 in
561 3456 784 3533 Germaniam
806 3457 899 3534 mint
923 3457 1031 3553 Papa,
1065 3458 1121 3555 qui
1145 3479 1207 3530 cor
1236 3471 1366 3532 contra

155 3559 399 3652 inperatorem
423 3552 637 3642 excitarent,
671 3555 839 3651 plenarias
861 3574 997 3651 quoque
1027 3576 1119 3627 arma
1150 3551 1365 3627 sumentibuc

155 3649 322 3728 concessit
345 3646 595 3743 indulgentias,
620 3648 677 3724 sed
697 3673 817 3746 parum
833 3648 1007 3746 profecit,
1042 3670 1077 3722 et
1100 3653 1287 3739 inperator
1311 3644 1373 3722 -inss

157 3747 260 3824 terris
296 3746 409 3837 Papae
439 3744 650 3840 occupandis
712 3745 843 3819 errexit
869 3744 1072 3818 Viterbium
1111 3744 1227 3840 usque.
1276 3742 1364 3817 Nec

162 3844 296 3942 majore
320 3835 473 3946 successu
495 3838 630 3933 legatos
657 3770 710 3914 ariJ
722 3841 841 3937 Reges
867 3837 995 3913 Gaiiiae
1018 3861 1054 3912 et
1078 3839 1226 3950 Angliae
1248 3835 1365 3922 mint.

157 3941 309 4038 aliosque
332 3933 522 4040 Principer.
549 3932 725 4027 inperium
751 3933 935 4009 Frederico
958 3934 1190 4028 abjudicavit,
1221 3957 1264 4011 ac
1284 3933 1367 4027 Ro·¹

159 4043 286 4132 berto,
318 4028 417 4109 fratri
440 4048 534 4130 regu
557 4026 709 4124 Gaiiiae,
741 4029 879 4112 obtulit.
917 4029 1045 4141 Gtii'ee
1064 4030 1163 4127 ,enim
1187 4053 1251 4110 rer
1282 4051 1369 4106 cunr

1261 4119 1375 4222 imin
