3022 4806
126 644 131 653 ·
159 626 208 712 7»
549 599 701 704 Historia
721 599 850 707 Esaias.
874 601 993 708 σαψ.

162 793 277 878 ribus,
300 781 516 882 secretalem
537 789 648 876 ritae,
679 803 712 863 et
743 790 778 861 itt
810 789 961 861 membris
989 801 1023 862 tt
1056 786 1164 866 masat
1195 793 1337 888 ruptices

163 907 200 963 et
224 883 389 978 defendere
407 882 568 976 sapatum
595 898 627 954 st
651 886 796 959 honorent
817 901 928 976 tuate,
952 903 985 959 et
1007 889 1132 984 regalia
1154 887 1265 977 Petri,
1298 914 1337 987 qe

159 987 283 1070 luber,
315 1002 413 1052 manu
437 995 564 1066 tenere,
590 994 623 1052 et
638 1004 721 1076 quae
739 1004 799 1054 non
817 980 939 1072 leber,
965 985 1073 1079 juxte
1094 1007 1197 1058 rasam
1218 985 1337 1082 peffer

159 1099 327 1175 suparare.
376 1073 569 1184 Sedhcum
596 1098 675 1172 pars
697 1075 837 1152 adversa
862 1076 957 1181 vinci
983 1099 1056 1155 uon
1082 1078 1221 1179 pollet,
1243 1082 1337 1158 Loth

165 1179 237 1252 rius
260 1173 297 1247 in
324 1170 564 1261 Germantam,
607 1191 643 1246 et
660 1174 759 1271 Papa
783 1170 874 1248 Pisas
898 1175 935 1248 se
954 1194 1035 1250 rece
1063 1174 1110 1266 ἰ,
1144 1178 1205 1251 ubi
1228 1178 1336 1255 conci

162 1297 230 1347 um
254 1269 445 1343 celebravit
467 1265 625 1342 Pisanum
651 1289 682 1343 a.
710 1291 837 1364 1134„
868 1267 1001 1366 inquo
1062 1271 1216 1348 ancletus
1245 1275 1336 1351 itere

158 1367 216 1442 est
247 1362 541 1454 anathemizatus,
570 1384 609 1437 et
643 1365 822 1444 Heericus
854 1363 995 1460 quidam
1024 1368 1241 1461 haereticus,
1285 1390 1336 1446 uu

164 1458 377 1541 Henriciani
406 1457 570 1554 adpellati
592 1453 693 1552 sunt,
720 1460 780 1559 qui
804 1481 823 1531 a
847 1477 1008 1558 tempore
1032 1462 1199 1542 Prschelie
1223 1466 1273 1544 ll.
1296 1464 1336 1542 (i

158 1559 246 1635 liam
273 1554 513 1654 perturbavit,
537 1554 716 1632 damnatus
738 1557 808 1644 est,
841 1551 926 1632 th.
948 1556 1041 1633 neu
1064 1561 1336 1639 Cenomanensis

166 1652 423 1752 Episcoporurn
447 1651 483 1725 in
508 1650 620 1726 Gallia
653 1654 691 1726 in
724 1648 905 1726 Analecta
936 1653 1151 1731 Mabillonii.
1201 1655 1336 1756 Quos

156 1749 244 1827 dem
265 1770 358 1822 anno
374 1769 458 1824 cum
483 1747 667 1838 Ramirus,
705 1747 812 1822 frater
839 1746 1010 1843 Alphonfi
1037 1750 1129 1841 vt,
1162 1750 1336 1851 Arragoni

161 1844 275 1944 regis,
304 1844 453 1931 mortui,
477 1844 520 1917 arl
545 1864 689 1939 regnum
705 1862 904 1940 raperetur,
928 1844 1084 1919 sacerdos
1098 1865 1137 1919 et
1161 1851 1336 1925 monacha

161 1945 253 2041 Papa
278 1940 371 2013 circa
394 1939 509 2032 ipsum
534 1939 764 2034 dispensavit,
802 1963 825 2013 a
850 1958 936 2013 voto
961 1941 1188 2019 monachatus
1217 1966 1261 2019 ec
1290 1965 1335 2021 cc

163 2038 338 2113 tinentiae
362 2035 559 2123 liberando,
591 2036 684 2109 adeo
710 2055 750 2110 ut
773 2037 855 2110 Rex
882 2033 992 2111 fuerit
1014 2035 1127 2112 fassus
1157 2058 1195 2113 et
1225 2060 1335 2116 uxore

156 2133 325 2224 duxerit3
347 2129 440 2208 telle
454 2131 618 2207 Roberto
633 2131 681 2206 de
699 2133 853 2220 Monte,
876 2148 999 2206 autore
1020 2135 1181 2230 aequali,
1200 2135 1244 2210 in
1260 2136 1335 2213 Cltr

159 2233 248 2307 nico
292 2230 333 2306 ad
376 2254 407 2304 a.
451 2234 557 2303 1160.
607 2226 711 2327 Quod
752 2248 791 2303 et
830 2226 914 2301 ideo
954 2247 1077 2303 notatu
1117 2229 1263 2327 dignum
1302 2232 1335 2307 el

187 2329 263 2416 uia,
295 2323 567 2421 dispensationes
591 2325 734 2418 Papales
754 2324 826 2418 J’am
847 2321 949 2397 fuisse
972 2349 990 2398 r
1037 2322 1149 2401 trisitate
1167 2345 1208 2400 ct
1231 2349 1335 2405 conce

154 2351 234 2511 sas,
262 2420 345 2493 inde
367 2417 609 2498 confirmator.
662 2418 769 2513 Cujus
789 2422 988 2514 exemplum
1024 2443 1077 2496 ec.
1102 2422 1167 2496 Xl.
1195 2423 1268 2518 jan
1300 2445 1335 2498 ur

153 2515 298 2593 'moravi
317 2511 355 2586 in
380 2509 673 2602 restrictam..
706 2516 766 2612 qui
791 2514 978 2607 Calirniro,
1014 2518 1196 2593 Monacho
1229 2520 1334 2596 clani

152 2610 282 2699 censi,
301 2629 450 2705 regnum
480 2607 668 2704 majorum,
694 2629 731 2683 et
754 2633 922 2703 uxorem,
946 2613 1126 2686 conccffit.

206 2706 240 2805 s.
260 2707 338 2780 LX.
365 2703 546 2795 Tandem,
572 2725 713 2779 mortuo
737 2705 935 2806 Antipapa,
960 2727 999 2782 et
1021 2707 1194 2784 Lorhtrio
1218 2712 1335 2796 Rome

160 2807 269 2881 altera
300 2800 383 2877 vice
415 2799 600 2889 visitante,
632 2823 701 2896 pax
732 2802 869 2877 reddita
902 2803 953 2879 est
984 2804 1182 2894 Ecclesiae,
1210 2827 1250 2882 et
1280 2811 1334 2885 sol

144 2898 392 2995 innocentius
414 2895 527 2970 sedern
552 2897 681 2970 tenuit.
732 2898 803 2997 Qui
827 2920 911 2973 mox
933 2898 1198 2976 celeberrimum
1221 2905 1334 2983 corel

151 3018 218 3074 um
243 2993 517 3070 Oecumenicurn
541 2995 772 3068 lateranense
797 2997 865 3084 tt,
899 2996 981 3069 alias
1011 2997 1289 3077 oecumenicum
1316 3002 1334 3075 ,f

158 3098 298 3178 cirrum,
325 3090 447 3163 habuit
470 3112 500 3165 a.
530 3111 657 3182 1139„
683 3091 740 3164 cui
765 3092 859 3165 mide
883 3091 1025 3166 circiter
1049 3091 1307 3189 interfuerunt,
1332 3152 1334 3163 .

153 3193 250 3266 'Otto
273 3184 502 3282 Frifingens„
527 3203 563 3260 et
580 3188 700 3258 Abbas
716 3186 969 3284 Urspergotrs,
1005 3187 1186 3263 testantur.
1235 3193 1277 3265 ln
1297 3216 1334 3291 qt

156 3284 235 3362 aeta
261 3281 424 3358 Anacleti
450 3277 525 3356 sunt
551 3278 705 3389 rescissa,
730 3283 871 3378 ejusque
892 3305 935 3356 ec
957 3283 1156 3376 fautorum,
1180 3305 1219 3359 et
1241 3287 1334 3365 Gaea

159 3383 196 3458 est
220 3375 503 3477 Engolismensrs,
545 3398 587 3450 ec
608 3374 750 3449 Gelonis
776 3378 1058 3468 Tusculanensis,
1092 3381 1334 3478 Episcoporur

156 3474 400 3556 ordinationes
417 3473 618 3548 annullatae.
662 3470 778 3547 Addit
794 3475 1088 3573 Chronograpltus
1108 3478 1334 3557 Manriniaoe

159 3577 222 3667 fis,
255 3576 426 3669 Legatum
453 3567 694 3668 Apostolicum
727 3592 790 3665 per
823 3573 1051 3671 Aquitaniam
1085 3574 1200 3649 omnia
1231 3577 1334 3653 elteri

99 3750 102 3761 ,
140 3673 203 3746 ab
229 3666 515 3756 inconsecrata,
549 3684 750 3739 execratum
784 3665 874 3757 esse,
909 3667 1041 3742 sttlcnni
1077 3668 1166 3758 ritu,
1201 3674 1334 3771 proprii

140 3789 226 3938 ¹{ppo
256 3762 414 3931 mapeibgs
443 3757 600 3930 .ἀίωέίῖξέ
647 3761 1030 3936 ξὶἒςεῦξτεὲεΑτῡρὲὲἑιε
1056 3764 1108 3933 οάἇ
1142 3767 1289 3937 Eripis,
1320 3806 1334 3837 a

150 3896 154 3911 ·
208 3882 279 3935 trus
402 3881 490 3944 turs,
626 3881 645 3929 a
777 3910 786 3945 ‚
907 3883 940 3932 ut
1111 3885 1170 3953 eu,
1210 3884 1333 3942 uotae

135 3964 261 4055 dquam
292 3954 465 4028 haeretici
493 3952 737 4028 condemnari.
790 3883 981 4050 Benigne,
1021 3887 1078 4029 st
1103 3959 1167 4031 elia
1206 3962 1333 4039 ωἰίωιι

127 4051 285 4155 ··qulppe
309 4056 428 4133 mnus
450 4050 632 4143 cerm-ut
649 4046 750 4148 quod
766 4049 973 4150 Rogeriut,
998 4051 1136 4131 Siciliae
1152 4052 1276 4161 ΒΜ
1290 4059 1333 4137 stt

119 4183 131 4225 t
207 4158 234 4212 ·’·
756 4194 762 4211 ·
1329 4179 1333 4228 l
