3022 4806
621 554 728 634 Secal.
759 553 857 630 XVI.
1303 567 1373 662 643

149 746 187 805 et
214 728 355 828 Regum
380 728 574 829 Hisprniae
599 754 638 806 ae
664 684 1002 826 Galliae‚adjuros,
1036 749 1097 806 eos
1120 730 1221 809 armis
1244 735 1282 813 in
1308 763 1365 815 or.

149 828 270 900 dinem
292 827 477 924 redigere,
521 828 729 902 executione
762 836 965 900 demandata
1000 829 1161 923 Philippo
1185 833 1360 930 Sabaudo,

148 924 274 1017 nepoti
303 925 433 1014 Ducis,
458 927 618 996 Domino
638 928 810 1014 Raconis,
835 944 871 995 et
899 924 1059 1017 Georgio
1085 924 1203 1012 Colle,
1229 932 1359 1012 Comiri

148 1015 365 1107 Trinireusr,
406 1018 573 1113 adjundlis
602 1021 792 1093 Monaelris
823 1018 1083 1114 inquisitoribus
1111 1021 1225 1093 Toma
1254 1025 1357 1118 Jaco.

144 1114 254 1185 mello
277 1131 314 1184 et
339 1113 383 1185 de
407 1116 540 1188 Corbis.
585 1115 763 1210 Philippus
794 1137 882 1186 vero
907 1133 944 1184 et
969 1115 1014 1187 de
1041 1117 1186 1203 Corbis,
1218 1122 1356 1214 pietate

148 1226 189 1280 et
211 1207 403 1282 constantia
437 1211 645 1283 Vallensium
675 1213 711 1282 in
743 1209 1062 1304 persecutionibus,
1106 1233 1206 1305 quarn
1240 1219 1353 1294 oculis

147 1298 378 1399 usurpassent,
417 1304 459 1377 ad
491 1308 644 1378 animum
678 1324 860 1391 revocata,
893 1326 967 1376 rem
1002 1324 1070 1375 non
1106 1323 1241 1378 tantum
1280 1333 1352 1389 uon

146 1398 326 1487 urserunt,
366 1398 421 1471 sed
453 1421 491 1473 et
526 1423 585 1474 eos
617 1401 779 1494 adjuvare
810 1396 924 1473 conari
956 1397 1044 1472 suut.
1092 1398 1172 1473 Reli
1199 1402 1233 1474 ui
1257 1403 1350 1499 duo,

142 1490 181 1567 in
205 1494 328 1589 primis
352 1497 479 1567 Comes
513 1496 713 1583 Trinitatis,
754 1496 841 1569 nibil
870 1516 942 1567 uon
975 1493 1099 1567 adeor
1126 1426 1353 1581 deliruendos

146 1608 308 1684 egerunt.
357 1591 445 1661 Cum
469 1595 563 1664 enim
589 1609 774 1686 urgerent„
809 1610 868 1677 ut,
903 1586 1064 1661 ministris
1086 1591 1151 1661 suis
1177 1595 1345 1690 expulsis,

143 1704 259 1758 novos
283 1682 363 1779 ipfis
386 1683 515 1756 dandos
529 1687 748 1780 reciperent,
772 1704 809 1757 et
829 1688 951 1781 Papam
967 1687 1216 1778 agnoscerent,
1240 1691 1349 1768 nihil·

142 1800 214 1876 que
238 1779 475 1874 impetrarent,
507 1781 649 1854 hostiles
668 1780 706 1867 ,in
729 1802 789 1877 eos
813 1779 974 1852 fecerunt
1007 1781 1148 1885 inpetus
1178 1805 1208 1854 a.
1240 1794 1351 1873 1560,-

144 1882 329 1962 et1561.,
356 1872 542 1969 omniaque
557 1874 736 1964 caedibus,
762 1874 911 1969 rapinis,
937 1893 973 1945 et
996 1872 1165 1946 incendiis
1189 1881 1347 1970 replesse.

144 1987 250 2056 runt,
276 1969 369 2038 nullo
396 1970 554 2043 saevitiae
601 1993 706 2043 enere
728 1969 862 2043 omisso.
915 1969 970 2041 Ad
995 1991 1077 2063 quas
1098 1968 1268 2061 augustias
1289 1998 1347 2049 re.

141 2062 235 2137 uasti
260 2060 454 2153 Vallenses,
485 2066 520 2139 se
547 1994 599 2137 ad
607 2064 731 2161 justam
760 2065 809 2136 sui
840 2062 1073 2136 defensionem
1096 2085 1277 2157 pararunt,
1308 2090 1347 2145 et

143 2157 218 2232 uim
242 2155 278 2231 ui
300 2158 466 2251 repellere
487 2181 696 2255 coeperunt:
739 2162 826 2231 adeo
849 2178 887 2230 ut
908 2159 999 2232 inter
1024 2158 1134 2252 ipsos,
1168 2180 1205 2232 et
1226 2163 1348 2258 copias

143 2254 275 2340 Ducis,
302 2252 361 2324 sub
380 2253 520 2326 Comite
537 2253 740 2341 Trinitatis,
766 2272 920 2347 apertum
943 2251 1045 2324 suerit
1062 2252 1185 2326 bellum
1204 2277 1342 2350 ortum,

142 2346 361 2420 Vallenssbus
384 2346 550 2440 faustum,
575 2369 611 2421 et
632 2351 731 2424 valde
753 2346 957 2443 gloriosum:
990 2345 1106 2419 hoster
1129 2349 1240 2439 enim,
1264 2353 1347 2430 licet

141 2443 207 2536 ipss
232 2441 332 2536 pauci
355 2440 465 2514 essent
488 2465 650 2527 numero,
686 2441 812 2538 ubique
836 2463 916 2516 cum
933 2441 1122 2538 ignominia
1141 2462 1178 2515 et
1194 2447 1290 2521 clade
1304 2448 1343 2525 in

141 2538 259 2634 fugam
294 2535 522 2648 conjecerunt
554 2539 807 2635 praecipitem,
840 2538 920 2610 licet
950 2536 1079 2611 milites
1109 2536 1219 2613 essent
1242 2566 1345 2619 exer·

142 2632 260 2719 citati,
295 2649 332 2704 et
358 2649 504 2725 sugente
530 2655 687 2708 numero.
733 2633 838 2727 Cujus
862 2631 1142 2706 bellihistoriam
1157 2654 1201 2705 ex
1219 2636 1342 2727 Gillir,

139 2748 180 2802 et
203 2725 346 2801 historia
369 2744 576 2821 martyrum,
602 2726 698 2822 supra
725 2727 858 2815 citatis,
884 2725 987 2798 facile
1009 2723 1216 2832 petendam,
1242 2729 1345 2823 hujus

140 2845 213 2898 non
241 2818 290 2893 est
314 2821 384 2894 loci
410 2843 579 2896 enarrare.
615 2822 744 2896 Hostes
760 2841 848 2893 vero
869 2816 974 2891 instar
1002 2818 1199 2890 rabidorum
1220 2843 1345 2900 canum

136 2917 177 2995 ia
201 2915 362 3007 miseros,
402 2916 461 2990 ubi
486 2936 696 3013 potuerunt,
738 2912 944 2986 saevierunt.
986 2911 1097 2985 Miles
1122 2910 1262 3006 quidam
1286 2940 1342 2996 ex.

140 3035 195 3103 gr.
219 3012 399 3086 dimidiam
423 3011 536 3085 fidelis
557 3034 673 3085 aurem
705 3007 867 3084 dentibus
888 3006 1056 3095 avellens,
1085 3029 1127 3079 rr
1146 3010 1344 3101 perdituram

137 3112 269 3197 iuram,
293 3105 424 3202 inquit,
449 3106 705 3182 Lathrrasorum
737 3103 860 3198 aliquid
881 3122 1004 3177 mecam
1026 3104 1060 3174 in
1082 3106 1228 3195 partiam
1250 3109 1340 3202 defo.

135 3227 220 3281 ram.
269 3201 433 3276 Hominis
464 3199 700 3297 sexagenarii,
747 3199 903 3272 manibus
932 3196 974 3271 ad
1016 3213 1152 3291 tergum
1183 3202 1340 3298 religatis

137 3304 280 3377 scamno
296 3295 424 3386 adfixi,
447 3300 596 3371 umbilico
603 3295 839 3391 scarabaeum,
856 3290 938 3386 resta
955 3293 1091 3376 seuam,
1116 3294 1342 3387 admoverant,

137 3400 195 3494 gul
219 3393 324 3464 rodere
347 3415 405 3462 non
427 3390 541 3484 duſsis,
574 3394 669 3464 danea
698 3393 731 3461 in
757 3392 864 3462 alsam
891 3384 1103 3481 penetrasset,
1134 3389 1342 3485 clauseram

136 3488 282 3564 horribili
306 3493 548 3580 masisgenrre
569 3484 718 3581 necaffrr.
769 3486 883 3557 Senex
909 3480 1027 3574 aliquis
1055 3502 1122 3573 ¹03
1148 3503 1351 3585 annorum,

136 3582 211 3660 ins
233 3583 365 3652 elunica
382 3603 460 3653 cum
478 3580 548 3655 filia
574 3589 615 3661 18
640 3601 827 3663 annorum,
853 3597 939 3672 quae
962 3575 1097 3649 Patrem
1121 3578 1252 3670 alebat,
1276 3584 1349 3658 dee

138 3606 348 3779 periculus,
380 3674 512 3749 nelarie
538 3677 763 3750 obtruncatus
786 3668 856 3761 eli,
888 3668 958 3745 filia
975 3690 1090 3780 3vero,
1105 3765 1112 3781 .
1130 3671 1204 3751 vim
1229 3675 1342 3768 paliis..¹

139 3799 197 3862 ra,
224 3772 259 3844 se
285 3768 479 3864 proripuit,
516 3790 554 3844 et
581 3795 602 3847 e
633 3771 775 3866 rupibus
806 3784 1002 3862 praeruptas
1034 3764 1132 3840 dedat
1170 3768 1342 3866 praecipi.

139 3889 225 3946 rem.
278 3865 413 3939 Fideles
435 3883 456 3934 e
480 3884 601 3941 eontra
621 3865 777 3941 erudiam
808 3862 986 3935 servarunt
1006 3856 1242 3955 discipinam,
1265 3865 1343 3942 san..

136 3961 238 4069 gnini
258 3960 433 4052 ballium,
459 3962 789 4058 quantun-licebat,
815 3956 1378 4060 pepercerunpmosaepslisres-

140 4076 151 4121 s
660 4058 840 4133 Mnmm
867 4071 887 4127 a
1159 4058 1341 4146 contentu
