<?xml version="1.0" encoding="UTF-8"?>
<!DOCTYPE html PUBLIC "-//W3C//DTD XHTML 1.0 Transitional//EN"
    "http://www.w3.org/TR/xhtml1/DTD/xhtml1-transitional.dtd">
<html xmlns="http://www.w3.org/1999/xhtml" xml:lang="en" lang="en">
 <head>
  <title>
</title>
<meta http-equiv="Content-Type" content="text/html;charset=utf-8" />
  <meta name='ocr-system' content='tesseract 3.04.00' />
  <meta name='ocr-capabilities' content='ocr_page ocr_carea ocr_par ocr_line ocrx_word'/>
</head>
<body>
  <div class='ocr_page' id='page_1' title='image "./hermannivenemai00venegoog_0027.png"; bbox 0 0 3022 4806; ppageno 0'>
   <div class='ocr_carea' id='block_1_1' title="bbox 132 547 1047 706">
    <p class='ocr_par' dir='ltr' id='par_1_1' title="bbox 132 547 1047 706">
     <span class='ocr_line' id='line_1_1' title="bbox 132 547 1047 706; baseline -0.004 -22"><span class='ocrx_word' id='word_1_1' title='bbox 132 612 178 688; x_wconf 77' lang='lat'><strong>1⁶</strong></span> <span class='ocrx_word' id='word_1_2' title='bbox 315 547 318 551; x_wconf 54' lang='grc'><strong>’</strong></span> <span class='ocrx_word' id='word_1_3' title='bbox 517 597 668 703; x_wconf 70' lang='lat' dir='ltr'><strong>msam</strong></span> <span class='ocrx_word' id='word_1_4' title='bbox 690 597 819 703; x_wconf 68' lang='lat' dir='ltr'><strong>recres.</strong></span> <span class='ocrx_word' id='word_1_5' title='bbox 850 562 1047 706; x_wconf 47' lang='lat' dir='ltr'><strong>orta(</strong></span> 
     </span>
    </p>
   </div>
   <div class='ocr_carea' id='block_1_2' title="bbox 138 774 1364 2034">
    <p class='ocr_par' dir='ltr' id='par_1_2' title="bbox 138 774 1364 1938">
     <span class='ocr_line' id='line_1_2' title="bbox 138 774 1360 882; baseline -0.007 -19"><span class='ocrx_word' id='word_1_6' title='bbox 138 780 383 864; x_wconf 82' lang='lat' dir='ltr'><strong>adnotationes</strong></span> <span class='ocrx_word' id='word_1_7' title='bbox 408 778 444 854; x_wconf 91' lang='lat' dir='ltr'><strong>in</strong></span> <span class='ocrx_word' id='word_1_8' title='bbox 468 777 600 878; x_wconf 90' lang='lat' dir='ltr'><strong>Script.</strong></span> <span class='ocrx_word' id='word_1_9' title='bbox 624 784 685 872; x_wconf 83' lang='grc'><strong>3.,</strong></span> <span class='ocrx_word' id='word_1_10' title='bbox 725 783 920 882; x_wconf 79' lang='lat' dir='ltr'><strong>rescripta</strong></span> <span class='ocrx_word' id='word_1_11' title='bbox 951 779 1174 876; x_wconf 82' lang='lat' dir='ltr'><strong>didascalica,</strong></span> <span class='ocrx_word' id='word_1_12' title='bbox 1213 774 1360 855; x_wconf 80' lang='lat' dir='ltr'><strong>moralia</strong></span> 
     </span>
     <span class='ocr_line' id='line_1_3' title="bbox 141 875 1361 980; baseline -0.009 -21"><span class='ocrx_word' id='word_1_13' title='bbox 141 905 213 959; x_wconf 87' lang='lat' dir='ltr'><strong>etc.</strong></span> <span class='ocrx_word' id='word_1_14' title='bbox 233 879 417 954; x_wconf 72' lang='lat' dir='ltr'>continent</span> <span class='ocrx_word' id='word_1_15' title='bbox 433 875 590 966; x_wconf 78' lang='lat' dir='ltr'><strong>summam</strong></span> <span class='ocrx_word' id='word_1_16' title='bbox 597 878 860 975; x_wconf 81' lang='lat' dir='ltr'><strong>sententiarum,</strong></span> <span class='ocrx_word' id='word_1_17' title='bbox 887 882 1020 980; x_wconf 83' lang='lat' dir='ltr'><strong>septem</strong></span> <span class='ocrx_word' id='word_1_18' title='bbox 1038 882 1242 957; x_wconf 68' lang='lat' dir='ltr'><strong>ornatibus</strong></span> <span class='ocrx_word' id='word_1_19' title='bbox 1260 894 1361 950; x_wconf 90' lang='lat' dir='ltr'><strong>com·</strong></span> 
     </span>
     <span class='ocr_line' id='line_1_4' title="bbox 140 975 1362 1077; baseline -0.008 -24"><span class='ocrx_word' id='word_1_20' title='bbox 140 978 364 1077; x_wconf 76' lang='lat' dir='ltr'>prehensam,</span> <span class='ocrx_word' id='word_1_21' title='bbox 388 996 534 1070; x_wconf 90' lang='lat' dir='ltr'><strong>quotum</strong></span> <span class='ocrx_word' id='word_1_22' title='bbox 557 981 684 1069; x_wconf 85' lang='lat' dir='ltr'><strong>primus</strong></span> <span class='ocrx_word' id='word_1_23' title='bbox 711 975 762 1050; x_wconf 89' lang='lat' dir='ltr'><strong>est</strong></span> <span class='ocrx_word' id='word_1_24' title='bbox 786 981 831 1052; x_wconf 88' lang='lat' dir='ltr'><strong>de</strong></span> <span class='ocrx_word' id='word_1_25' title='bbox 857 976 950 1070; x_wconf 88' lang='lat' dir='ltr'><strong>fide,</strong></span> <span class='ocrx_word' id='word_1_26' title='bbox 981 981 1063 1076; x_wconf 92' lang='lat' dir='ltr'><strong>spe,</strong></span> <span class='ocrx_word' id='word_1_27' title='bbox 1099 999 1137 1053; x_wconf 92' lang='lat' dir='ltr'><strong>et</strong></span> <span class='ocrx_word' id='word_1_28' title='bbox 1168 978 1362 1059; x_wconf 81' lang='lat' dir='ltr'><strong>charitate,</strong></span> 
     </span>
     <span class='ocr_line' id='line_1_5' title="bbox 143 1070 1361 1169; baseline -0.008 -17"><span class='ocrx_word' id='word_1_29' title='bbox 143 1077 323 1152; x_wconf 86' lang='lat' dir='ltr'><strong>Trinitate</strong></span> <span class='ocrx_word' id='word_1_30' title='bbox 352 1090 388 1144; x_wconf 90' lang='lat' dir='ltr'><strong>et</strong></span> <span class='ocrx_word' id='word_1_31' title='bbox 412 1070 682 1163; x_wconf 84' lang='lat' dir='ltr'><strong>incarnatione,</strong></span> <span class='ocrx_word' id='word_1_32' title='bbox 711 1071 876 1169; x_wconf 79' lang='lat' dir='ltr'><strong>secundas</strong></span> <span class='ocrx_word' id='word_1_33' title='bbox 898 1076 942 1148; x_wconf 92' lang='lat' dir='ltr'><strong>de</strong></span> <span class='ocrx_word' id='word_1_34' title='bbox 978 1074 1154 1150; x_wconf 85' lang='lat' dir='ltr'><strong>creatione</strong></span> <span class='ocrx_word' id='word_1_35' title='bbox 1178 1093 1216 1147; x_wconf 84' lang='lat' dir='ltr'><strong>et</strong></span> <span class='ocrx_word' id='word_1_36' title='bbox 1239 1071 1361 1164; x_wconf 84' lang='lat' dir='ltr'><strong>Ange·</strong></span> 
     </span>
     <span class='ocr_line' id='line_1_6' title="bbox 141 1165 1360 1263; baseline -0.008 -15"><span class='ocrx_word' id='word_1_37' title='bbox 141 1172 203 1263; x_wconf 79' lang='lat' dir='ltr'><strong>lit,</strong></span> <span class='ocrx_word' id='word_1_38' title='bbox 227 1174 344 1245; x_wconf 75' lang='lat' dir='ltr'><strong>terrim</strong></span> <span class='ocrx_word' id='word_1_39' title='bbox 367 1167 411 1238; x_wconf 89' lang='lat' dir='ltr'><strong>de</strong></span> <span class='ocrx_word' id='word_1_40' title='bbox 433 1165 613 1240; x_wconf 87' lang='lat' dir='ltr'><strong>creatione</strong></span> <span class='ocrx_word' id='word_1_41' title='bbox 639 1187 678 1241; x_wconf 92' lang='lat' dir='ltr'><strong>et</strong></span> <span class='ocrx_word' id='word_1_42' title='bbox 709 1170 799 1244; x_wconf 88' lang='lat' dir='ltr'><strong>statu</strong></span> <span class='ocrx_word' id='word_1_43' title='bbox 824 1173 994 1246; x_wconf 83' lang='lat' dir='ltr'><strong>humanae</strong></span> <span class='ocrx_word' id='word_1_44' title='bbox 1026 1189 1183 1258; x_wconf 87' lang='lat' dir='ltr'><strong>naturae,</strong></span> <span class='ocrx_word' id='word_1_45' title='bbox 1224 1181 1360 1261; x_wconf 75' lang='lat' dir='ltr'><strong>quartur</strong></span> 
     </span>
     <span class='ocr_line' id='line_1_7' title="bbox 141 1259 1363 1363; baseline -0.013 -18"><span class='ocrx_word' id='word_1_46' title='bbox 141 1271 188 1345; x_wconf 89' lang='lat' dir='ltr'><strong>de</strong></span> <span class='ocrx_word' id='word_1_47' title='bbox 220 1261 444 1341; x_wconf 83' lang='lat' dir='ltr'><strong>sacramentis</strong></span> <span class='ocrx_word' id='word_1_48' title='bbox 479 1262 516 1335; x_wconf 92' lang='lat' dir='ltr'><strong>in</strong></span> <span class='ocrx_word' id='word_1_49' title='bbox 540 1283 669 1358; x_wconf 88' lang='lat' dir='ltr'><strong>genere</strong></span> <span class='ocrx_word' id='word_1_50' title='bbox 696 1286 734 1340; x_wconf 91' lang='lat' dir='ltr'><strong>et</strong></span> <span class='ocrx_word' id='word_1_51' title='bbox 758 1268 959 1363; x_wconf 82' lang='lat' dir='ltr'><strong>praeceptis</strong></span> <span class='ocrx_word' id='word_1_52' title='bbox 989 1266 1137 1357; x_wconf 82' lang='lat' dir='ltr'><strong>divinis,</strong></span> <span class='ocrx_word' id='word_1_53' title='bbox 1162 1269 1291 1360; x_wconf 83' lang='lat' dir='ltr'><strong>quintus</strong></span> <span class='ocrx_word' id='word_1_54' title='bbox 1318 1259 1363 1331; x_wconf 87' lang='lat' dir='ltr'><strong>de</strong></span> 
     </span>
     <span class='ocr_line' id='line_1_8' title="bbox 142 1353 1361 1458; baseline -0.011 -18"><span class='ocrx_word' id='word_1_55' title='bbox 142 1362 339 1458; x_wconf 89' lang='lat' dir='ltr'><strong>baptismo,</strong></span> <span class='ocrx_word' id='word_1_56' title='bbox 355 1358 474 1457; x_wconf 82' lang='lat' dir='ltr'><strong>sextus</strong></span> <span class='ocrx_word' id='word_1_57' title='bbox 497 1358 541 1431; x_wconf 87' lang='lat' dir='ltr'><strong>de</strong></span> <span class='ocrx_word' id='word_1_58' title='bbox 567 1360 783 1436; x_wconf 77' lang='lat' dir='ltr'><strong>sacramentis</strong></span> <span class='ocrx_word' id='word_1_59' title='bbox 818 1363 1118 1454; x_wconf 82' lang='lat' dir='ltr'><strong>confirmationis,</strong></span> <span class='ocrx_word' id='word_1_60' title='bbox 1155 1353 1361 1435; x_wconf 79' lang='lat' dir='ltr'><strong>eucharisti·</strong></span> 
     </span>
     <span class='ocr_line' id='line_1_9' title="bbox 141 1453 1362 1555; baseline -0.009 -23"><span class='ocrx_word' id='word_1_61' title='bbox 141 1481 205 1551; x_wconf 84' lang='lat' dir='ltr'><strong>ae,</strong></span> <span class='ocrx_word' id='word_1_62' title='bbox 244 1454 500 1552; x_wconf 81' lang='lat' dir='ltr'><strong>poenitentiae,</strong></span> <span class='ocrx_word' id='word_1_63' title='bbox 533 1471 571 1527; x_wconf 90' lang='lat' dir='ltr'><strong>et</strong></span> <span class='ocrx_word' id='word_1_64' title='bbox 595 1475 777 1530; x_wconf 86' lang='lat' dir='ltr'><strong>extremae</strong></span> <span class='ocrx_word' id='word_1_65' title='bbox 801 1457 994 1548; x_wconf 76' lang='lat' dir='ltr'><strong>undlionis,</strong></span> <span class='ocrx_word' id='word_1_66' title='bbox 1010 1460 1172 1555; x_wconf 83' lang='lat' dir='ltr'><strong>septimus</strong></span> <span class='ocrx_word' id='word_1_67' title='bbox 1195 1455 1238 1528; x_wconf 93' lang='lat' dir='ltr'><strong>de</strong></span> <span class='ocrx_word' id='word_1_68' title='bbox 1255 1453 1362 1525; x_wconf 89' lang='lat' dir='ltr'><strong>saera·</strong></span> 
     </span>
     <span class='ocr_line' id='line_1_10' title="bbox 142 1549 1364 1654; baseline -0.011 -24"><span class='ocrx_word' id='word_1_69' title='bbox 142 1573 268 1630; x_wconf 87' lang='lat' dir='ltr'><strong>mento</strong></span> <span class='ocrx_word' id='word_1_70' title='bbox 291 1550 461 1647; x_wconf 84' lang='lat' dir='ltr'><strong>conjugii.</strong></span> <span class='ocrx_word' id='word_1_71' title='bbox 508 1549 577 1623; x_wconf 88' lang='lat' dir='ltr'><strong>Sed</strong></span> <span class='ocrx_word' id='word_1_72' title='bbox 604 1572 742 1647; x_wconf 88' lang='lat' dir='ltr'><strong>praeter</strong></span> <span class='ocrx_word' id='word_1_73' title='bbox 768 1550 858 1628; x_wconf 88' lang='lat' dir='ltr'><strong>hanc</strong></span> <span class='ocrx_word' id='word_1_74' title='bbox 880 1551 1067 1647; x_wconf 86' lang='lat' dir='ltr'><strong>summam,</strong></span> <span class='ocrx_word' id='word_1_75' title='bbox 1092 1575 1180 1654; x_wconf 88' lang='lat' dir='ltr'><strong>quae</strong></span> <span class='ocrx_word' id='word_1_76' title='bbox 1204 1549 1364 1625; x_wconf 84' lang='lat' dir='ltr'><strong>Theolo-</strong></span> 
     </span>
     <span class='ocr_line' id='line_1_11' title="bbox 141 1645 1364 1762; baseline -0.008 -37"><span class='ocrx_word' id='word_1_77' title='bbox 141 1651 222 1762; x_wconf 74' lang='lat' dir='ltr'><strong>giae</strong></span> <span class='ocrx_word' id='word_1_78' title='bbox 245 1667 382 1722; x_wconf 88' lang='lat' dir='ltr'><strong>tantum</strong></span> <span class='ocrx_word' id='word_1_79' title='bbox 405 1646 674 1740; x_wconf 90' lang='lat' dir='ltr'><strong>comprehendit</strong></span> <span class='ocrx_word' id='word_1_80' title='bbox 707 1671 727 1721; x_wconf 89' lang='lat' dir='ltr'><strong>e</strong></span> <span class='ocrx_word' id='word_1_81' title='bbox 752 1648 906 1741; x_wconf 71' lang='lat' dir='ltr'><strong>tomen,</strong></span> <span class='ocrx_word' id='word_1_82' title='bbox 946 1650 1144 1748; x_wconf 89' lang='lat' dir='ltr'><strong>composuit</strong></span> <span class='ocrx_word' id='word_1_83' title='bbox 1165 1648 1252 1722; x_wconf 75' lang='lat' dir='ltr'><strong>alios</strong></span> <span class='ocrx_word' id='word_1_84' title='bbox 1275 1645 1364 1718; x_wconf 82' lang='lat' dir='ltr'><strong>duor</strong></span> 
     </span>
     <span class='ocr_line' id='line_1_12' title="bbox 142 1739 1363 1860; baseline -0.009 -37"><span class='ocrx_word' id='word_1_85' title='bbox 142 1749 273 1835; x_wconf 75' lang='lat' dir='ltr'><strong>libror,</strong></span> <span class='ocrx_word' id='word_1_86' title='bbox 311 1742 357 1816; x_wconf 93' lang='lat' dir='ltr'><strong>de</strong></span> <span class='ocrx_word' id='word_1_87' title='bbox 381 1739 606 1836; x_wconf 81' lang='lat' dir='ltr'><strong>sacramentis</strong></span> <span class='ocrx_word' id='word_1_88' title='bbox 637 1746 730 1842; x_wconf 79' lang='lat' dir='ltr'><strong>Chri]</strong></span> <span class='ocrx_word' id='word_1_89' title='bbox 742 1752 839 1820; x_wconf 81' lang='lat' dir='ltr'><strong>ianae</strong></span> <span class='ocrx_word' id='word_1_90' title='bbox 862 1747 947 1841; x_wconf 78' lang='lat' dir='ltr'><strong>fidei</strong></span> <span class='ocrx_word' id='word_1_91' title='bbox 955 1771 968 1837; x_wconf 85' lang='lat'>3</span> <span class='ocrx_word' id='word_1_92' title='bbox 1007 1747 1103 1860; x_wconf 87' lang='lat' dir='ltr'><strong>quod</strong></span> <span class='ocrx_word' id='word_1_93' title='bbox 1132 1742 1250 1842; x_wconf 78' lang='lat' dir='ltr'><strong>praeci</strong></span> <span class='ocrx_word' id='word_1_94' title='bbox 1280 1758 1363 1815; x_wconf 85' lang='lat' dir='ltr'><strong>uum</strong></span> 
     </span>
     <span class='ocr_line' id='line_1_13' title="bbox 143 1835 1363 1938; baseline -0.01 -20"><span class='ocrx_word' id='word_1_95' title='bbox 143 1843 220 1938; x_wconf 77' lang='lat' dir='ltr'><strong>ejus</strong></span> <span class='ocrx_word' id='word_1_96' title='bbox 252 1862 341 1913; x_wconf 81' lang='lat' dir='ltr'><strong>our</strong></span> <span class='ocrx_word' id='word_1_97' title='bbox 364 1835 621 1933; x_wconf 89' lang='lat' dir='ltr'><strong>systematicum</strong></span> <span class='ocrx_word' id='word_1_98' title='bbox 645 1839 719 1931; x_wconf 90' lang='lat' dir='ltr'><strong>est,</strong></span> <span class='ocrx_word' id='word_1_99' title='bbox 755 1841 794 1915; x_wconf 89' lang='lat' dir='ltr'><strong>in</strong></span> <span class='ocrx_word' id='word_1_100' title='bbox 833 1865 902 1938; x_wconf 88' lang='lat' dir='ltr'><strong>quo</strong></span> <span class='ocrx_word' id='word_1_101' title='bbox 945 1862 1109 1918; x_wconf 81' lang='lat' dir='ltr'><strong>verttatea</strong></span> <span class='ocrx_word' id='word_1_102' title='bbox 1139 1838 1224 1915; x_wconf 87' lang='lat' dir='ltr'><strong>fidei</strong></span> <span class='ocrx_word' id='word_1_103' title='bbox 1297 1835 1363 1908; x_wconf 84' lang='lat' dir='ltr'><strong>siut</strong></span> 
     </span>
    </p>

    <p class='ocr_par' dir='ltr' id='par_1_3' title="bbox 193 1863 1364 2034">
     <span class='ocr_line' id='line_1_14' title="bbox 193 1863 1364 2034; baseline -0.008 -24"><span class='ocrx_word' id='word_1_104' title='bbox 193 1863 358 2022; x_wconf 50' lang='lat' dir='ltr'><strong>rtragat,</strong></span> <span class='ocrx_word' id='word_1_105' title='bbox 383 1929 669 2032; x_wconf 87' lang='lat' dir='ltr'><strong>quaestionesque</strong></span> <span class='ocrx_word' id='word_1_106' title='bbox 692 1936 917 2034; x_wconf 77' lang='lat' dir='ltr'><strong>praecipuas,</strong></span> <span class='ocrx_word' id='word_1_107' title='bbox 945 1935 1001 2014; x_wconf 88' lang='lat' dir='ltr'><strong>sed</strong></span> <span class='ocrx_word' id='word_1_108' title='bbox 1026 1937 1132 2016; x_wconf 83' lang='lat' dir='ltr'><strong>millis</strong></span> <span class='ocrx_word' id='word_1_109' title='bbox 1154 1929 1364 2012; x_wconf 79' lang='lat' dir='ltr'><strong>difficilmri·</strong></span> 
     </span>
    </p>
   </div>
   <div class='ocr_carea' id='block_1_3' title="bbox 141 2027 1364 2491">
    <p class='ocr_par' dir='ltr' id='par_1_4' title="bbox 141 2027 1364 2491">
     <span class='ocr_line' id='line_1_15' title="bbox 169 2027 1364 2140; baseline -0.008 -32"><span class='ocrx_word' id='word_1_110' title='bbox 169 2056 230 2123; x_wconf 79' lang='lat' dir='ltr'><strong>ut,</strong></span> <span class='ocrx_word' id='word_1_111' title='bbox 259 2028 414 2140; x_wconf 83' lang='lat' dir='ltr'><strong>explicat</strong></span> <span class='ocrx_word' id='word_1_112' title='bbox 446 2027 617 2122; x_wconf 83' lang='lat' dir='ltr'><strong>dilucide,</strong></span> <span class='ocrx_word' id='word_1_113' title='bbox 648 2050 686 2105; x_wconf 90' lang='lat' dir='ltr'><strong>et</strong></span> <span class='ocrx_word' id='word_1_114' title='bbox 720 2054 765 2106; x_wconf 84' lang='lat' dir='ltr'><strong>ex</strong></span> <span class='ocrx_word' id='word_1_115' title='bbox 789 2034 972 2130; x_wconf 84' lang='lat' dir='ltr'><strong>Scriptura</strong></span> <span class='ocrx_word' id='word_1_116' title='bbox 995 2035 1052 2124; x_wconf 88' lang='lat' dir='ltr'><strong>S.,</strong></span> <span class='ocrx_word' id='word_1_117' title='bbox 1094 2031 1153 2108; x_wconf 93' lang='lat' dir='ltr'><strong>sed</strong></span> <span class='ocrx_word' id='word_1_118' title='bbox 1176 2028 1364 2108; x_wconf 87' lang='lat' dir='ltr'><strong>secundum</strong></span> 
     </span>
     <span class='ocr_line' id='line_1_16' title="bbox 141 2123 1364 2221; baseline -0.007 -13"><span class='ocrx_word' id='word_1_119' title='bbox 141 2131 281 2208; x_wconf 88' lang='lat' dir='ltr'><strong>Patrum</strong></span> <span class='ocrx_word' id='word_1_120' title='bbox 305 2123 636 2221; x_wconf 74' lang='lat' dir='ltr'><strong>interpretationes,</strong></span> <span class='ocrx_word' id='word_1_121' title='bbox 668 2126 904 2221; x_wconf 89' lang='lat' dir='ltr'><strong>demonstrat,</strong></span> <span class='ocrx_word' id='word_1_122' title='bbox 938 2129 1108 2204; x_wconf 87' lang='lat' dir='ltr'><strong>methodo</strong></span> <span class='ocrx_word' id='word_1_123' title='bbox 1141 2145 1179 2201; x_wconf 91' lang='lat' dir='ltr'><strong>et</strong></span> <span class='ocrx_word' id='word_1_124' title='bbox 1202 2125 1364 2201; x_wconf 73' lang='lat' dir='ltr'><strong>terminio</strong></span> 
     </span>
     <span class='ocr_line' id='line_1_17' title="bbox 149 2219 1360 2323; baseline -0.007 -21"><span class='ocrx_word' id='word_1_125' title='bbox 149 2219 343 2302; x_wconf 66' lang='lat' dir='ltr'><strong>dialecticis</strong></span> <span class='ocrx_word' id='word_1_126' title='bbox 365 2221 502 2316; x_wconf 82' lang='lat' dir='ltr'><strong>spretis.</strong></span> <span class='ocrx_word' id='word_1_127' title='bbox 552 2223 802 2299; x_wconf 80' lang='lat' dir='ltr'><strong>commentarii</strong></span> <span class='ocrx_word' id='word_1_128' title='bbox 826 2247 914 2299; x_wconf 92' lang='lat' dir='ltr'><strong>vero</strong></span> <span class='ocrx_word' id='word_1_129' title='bbox 937 2227 1012 2322; x_wconf 80' lang='lat' dir='ltr'><strong>ejut</strong></span> <span class='ocrx_word' id='word_1_130' title='bbox 1036 2225 1075 2302; x_wconf 93' lang='lat' dir='ltr'><strong>in</strong></span> <span class='ocrx_word' id='word_1_131' title='bbox 1092 2227 1306 2323; x_wconf 84' lang='lat' dir='ltr'><strong>Scripturam</strong></span> <span class='ocrx_word' id='word_1_132' title='bbox 1324 2221 1360 2294; x_wconf 89' lang='lat' dir='ltr'><strong>S.</strong></span> 
     </span>
     <span class='ocr_line' id='line_1_18' title="bbox 143 2316 1362 2491; baseline -0.007 -93"><span class='ocrx_word' id='word_1_133' title='bbox 143 2321 299 2491; x_wconf 72' lang='lat' dir='ltr'><strong>duplicis</strong></span> <span class='ocrx_word' id='word_1_134' title='bbox 324 2318 403 2391; x_wconf 91' lang='lat' dir='ltr'><strong>sunt</strong></span> <span class='ocrx_word' id='word_1_135' title='bbox 426 2316 586 2412; x_wconf 77' lang='lat' dir='ltr'><strong>generis,</strong></span> <span class='ocrx_word' id='word_1_136' title='bbox 627 2319 666 2393; x_wconf 91' lang='lat' dir='ltr'><strong>in</strong></span> <span class='ocrx_word' id='word_1_137' title='bbox 701 2320 774 2394; x_wconf 83' lang='lat' dir='ltr'><strong>aliis</strong></span> <span class='ocrx_word' id='word_1_138' title='bbox 806 2320 899 2395; x_wconf 91' lang='lat' dir='ltr'><strong>enim</strong></span> <span class='ocrx_word' id='word_1_139' title='bbox 933 2321 1068 2396; x_wconf 89' lang='lat' dir='ltr'><strong>sensum</strong></span> <span class='ocrx_word' id='word_1_140' title='bbox 1101 2320 1290 2395; x_wconf 90' lang='lat' dir='ltr'><strong>litteralem</strong></span> <span class='ocrx_word' id='word_1_141' title='bbox 1323 2336 1362 2389; x_wconf 89' lang='lat' dir='ltr'><strong>et</strong></span> 
     </span>
    </p>
   </div>
   <div class='ocr_carea' id='block_1_4' title="bbox 17 2411 1365 4229">
    <p class='ocr_par' dir='ltr' id='par_1_5' title="bbox 145 2411 1363 2514">
     <span class='ocr_line' id='line_1_19' title="bbox 145 2411 1363 2514; baseline -0.003 -23"><span class='ocrx_word' id='word_1_142' title='bbox 145 2417 182 2491; x_wconf 88' lang='lat' dir='ltr'><strong>hi</strong></span> <span class='ocrx_word' id='word_1_143' title='bbox 215 2413 354 2490; x_wconf 90' lang='lat' dir='ltr'><strong>oricum</strong></span> <span class='ocrx_word' id='word_1_144' title='bbox 379 2411 491 2507; x_wconf 80' lang='lat' dir='ltr'><strong>magis</strong></span> <span class='ocrx_word' id='word_1_145' title='bbox 513 2411 680 2504; x_wconf 71' lang='lat' dir='ltr'><strong>fertatur,</strong></span> <span class='ocrx_word' id='word_1_146' title='bbox 714 2414 753 2488; x_wconf 92' lang='lat' dir='ltr'><strong>in</strong></span> <span class='ocrx_word' id='word_1_147' title='bbox 777 2415 853 2490; x_wconf 87' lang='lat' dir='ltr'><strong>aliis</strong></span> <span class='ocrx_word' id='word_1_148' title='bbox 885 2441 972 2492; x_wconf 85' lang='lat' dir='ltr'><strong>vero</strong></span> <span class='ocrx_word' id='word_1_149' title='bbox 998 2415 1179 2514; x_wconf 80' lang='lat' dir='ltr'><strong>allegorias</strong></span> <span class='ocrx_word' id='word_1_150' title='bbox 1203 2434 1239 2489; x_wconf 91' lang='lat' dir='ltr'><strong>et</strong></span> <span class='ocrx_word' id='word_1_151' title='bbox 1263 2416 1363 2489; x_wconf 80' lang='lat' dir='ltr'><strong>locor</strong></span> 
     </span>
    </p>

    <p class='ocr_par' dir='ltr' id='par_1_6' title="bbox 140 2509 1364 2610">
     <span class='ocr_line' id='line_1_20' title="bbox 140 2509 1364 2610; baseline -0.006 -21"><span class='ocrx_word' id='word_1_152' title='bbox 140 2529 363 2589; x_wconf 81' lang='lat' dir='ltr'><strong>communes:</strong></span> <span class='ocrx_word' id='word_1_153' title='bbox 406 2529 552 2602; x_wconf 90' lang='lat' dir='ltr'><strong>quorum</strong></span> <span class='ocrx_word' id='word_1_154' title='bbox 590 2509 687 2607; x_wconf 91' lang='lat' dir='ltr'><strong>pleni</strong></span> <span class='ocrx_word' id='word_1_155' title='bbox 721 2512 798 2586; x_wconf 91' lang='lat' dir='ltr'><strong>sunt</strong></span> <span class='ocrx_word' id='word_1_156' title='bbox 837 2510 914 2589; x_wconf 92' lang='lat' dir='ltr'><strong>libri</strong></span> <span class='ocrx_word' id='word_1_157' title='bbox 942 2537 988 2604; x_wconf 82' lang='lat'><strong>24</strong></span> <span class='ocrx_word' id='word_1_158' title='bbox 1020 2518 1278 2610; x_wconf 77' lang='lat' dir='ltr'><strong>excerptionum,</strong></span> <span class='ocrx_word' id='word_1_159' title='bbox 1317 2511 1364 2582; x_wconf 91' lang='lat' dir='ltr'><strong>de</strong></span> 
     </span>
    </p>

    <p class='ocr_par' dir='ltr' id='par_1_7' title="bbox 140 2600 1360 2708">
     <span class='ocr_line' id='line_1_21' title="bbox 140 2600 1360 2708; baseline -0.003 -25"><span class='ocrx_word' id='word_1_160' title='bbox 140 2628 289 2708; x_wconf 89' lang='lat' dir='ltr'><strong>quorum</strong></span> <span class='ocrx_word' id='word_1_161' title='bbox 318 2600 539 2701; x_wconf 84' lang='lat' dir='ltr'><strong>genuinitate</strong></span> <span class='ocrx_word' id='word_1_162' title='bbox 563 2629 634 2680; x_wconf 93' lang='lat' dir='ltr'><strong>non</strong></span> <span class='ocrx_word' id='word_1_163' title='bbox 662 2605 733 2681; x_wconf 86' lang='lat' dir='ltr'><strong>stne</strong></span> <span class='ocrx_word' id='word_1_164' title='bbox 754 2605 890 2684; x_wconf 91' lang='lat' dir='ltr'><strong>ratione</strong></span> <span class='ocrx_word' id='word_1_165' title='bbox 913 2609 1100 2685; x_wconf 83' lang='lat' dir='ltr'><strong>dubitatur.</strong></span> <span class='ocrx_word' id='word_1_166' title='bbox 1151 2610 1257 2685; x_wconf 88' lang='lat' dir='ltr'><strong>Alter</strong></span> <span class='ocrx_word' id='word_1_167' title='bbox 1284 2609 1360 2679; x_wconf 85' lang='lat' dir='ltr'><strong>Hu-</strong></span> 
     </span>
    </p>

    <p class='ocr_par' dir='ltr' id='par_1_8' title="bbox 137 2701 1365 2804">
     <span class='ocr_line' id='line_1_22' title="bbox 137 2701 1365 2804; baseline -0.003 -24"><span class='ocrx_word' id='word_1_168' title='bbox 137 2731 204 2804; x_wconf 82' lang='lat' dir='ltr'><strong>go,</strong></span> <span class='ocrx_word' id='word_1_169' title='bbox 229 2701 522 2795; x_wconf 80' lang='lat' dir='ltr'><strong>Rothomagensrs</strong></span> <span class='ocrx_word' id='word_1_170' title='bbox 544 2725 609 2798; x_wconf 87' lang='lat' dir='ltr'><strong>per</strong></span> <span class='ocrx_word' id='word_1_171' title='bbox 639 2725 697 2798; x_wconf 85' lang='lat'><strong>30.</strong></span> <span class='ocrx_word' id='word_1_172' title='bbox 721 2727 831 2780; x_wconf 85' lang='lat' dir='ltr'><strong>annos</strong></span> <span class='ocrx_word' id='word_1_173' title='bbox 861 2705 1177 2804; x_wconf 83' lang='lat' dir='ltr'><strong>Archiepiscopur,</strong></span> <span class='ocrx_word' id='word_1_174' title='bbox 1208 2722 1365 2779; x_wconf 76' lang='lat' dir='ltr'><strong>mortuus</strong></span> 
     </span>
    </p>

    <p class='ocr_par' dir='ltr' id='par_1_9' title="bbox 140 2795 1363 2898">
     <span class='ocr_line' id='line_1_23' title="bbox 140 2795 1363 2898; baseline -0.005 -18"><span class='ocrx_word' id='word_1_175' title='bbox 140 2826 172 2880; x_wconf 83' lang='lat' dir='ltr'><strong>a.</strong></span> <span class='ocrx_word' id='word_1_176' title='bbox 195 2799 305 2877; x_wconf 90' lang='lat' dir='ltr'><strong>seculi</strong></span> <span class='ocrx_word' id='word_1_177' title='bbox 328 2814 408 2887; x_wconf 87' lang='lat' dir='ltr'><strong>4to,</strong></span> <span class='ocrx_word' id='word_1_178' title='bbox 443 2795 488 2870; x_wconf 93' lang='lat' dir='ltr'><strong>de</strong></span> <span class='ocrx_word' id='word_1_179' title='bbox 514 2821 584 2895; x_wconf 92' lang='lat' dir='ltr'><strong>quo</strong></span> <span class='ocrx_word' id='word_1_180' title='bbox 609 2800 789 2874; x_wconf 82' lang='lat' dir='ltr'><strong>Robertur</strong></span> <span class='ocrx_word' id='word_1_181' title='bbox 818 2801 862 2875; x_wconf 90' lang='lat' dir='ltr'><strong>de</strong></span> <span class='ocrx_word' id='word_1_182' title='bbox 887 2805 1018 2881; x_wconf 91' lang='lat' dir='ltr'><strong>Monte</strong></span> <span class='ocrx_word' id='word_1_183' title='bbox 1041 2802 1079 2876; x_wconf 96' lang='lat' dir='ltr'><strong>in</strong></span> <span class='ocrx_word' id='word_1_184' title='bbox 1102 2803 1294 2898; x_wconf 87' lang='lat' dir='ltr'><strong>adpendice</strong></span> <span class='ocrx_word' id='word_1_185' title='bbox 1318 2801 1363 2875; x_wconf 93' lang='lat' dir='ltr'><strong>ad</strong></span> 
     </span>
    </p>

    <p class='ocr_par' dir='ltr' id='par_1_10' title="bbox 142 2894 1361 2995">
     <span class='ocr_line' id='line_1_24' title="bbox 142 2894 1361 2995; baseline -0.002 -23"><span class='ocrx_word' id='word_1_186' title='bbox 142 2923 175 2976; x_wconf 87' lang='lat' dir='ltr'><strong>a.</strong></span> <span class='ocrx_word' id='word_1_187' title='bbox 204 2917 310 2991; x_wconf 84' lang='lat'>1130.</span> <span class='ocrx_word' id='word_1_188' title='bbox 335 2895 377 2968; x_wconf 88' lang='lat' dir='ltr'><strong>ad</strong></span> <span class='ocrx_word' id='word_1_189' title='bbox 403 2894 534 2967; x_wconf 86' lang='lat' dir='ltr'><strong>calcem</strong></span> <span class='ocrx_word' id='word_1_190' title='bbox 560 2918 706 2992; x_wconf 90' lang='lat' dir='ltr'><strong>operum</strong></span> <span class='ocrx_word' id='word_1_191' title='bbox 725 2896 889 2974; x_wconf 87' lang='lat' dir='ltr'><strong>Guiberti</strong></span> <span class='ocrx_word' id='word_1_192' title='bbox 915 2898 1002 2974; x_wconf 90' lang='lat' dir='ltr'><strong>edit.</strong></span> <span class='ocrx_word' id='word_1_193' title='bbox 1034 2897 1205 2973; x_wconf 91' lang='lat' dir='ltr'><strong>Dacherii</strong></span> <span class='ocrx_word' id='word_1_194' title='bbox 1237 2900 1361 2995; x_wconf 85' lang='lat' dir='ltr'><strong>legen·</strong></span> 
     </span>
    </p>

    <p class='ocr_par' dir='ltr' id='par_1_11' title="bbox 141 2986 1360 3091">
     <span class='ocr_line' id='line_1_25' title="bbox 141 2986 1360 3091; baseline -0.005 -21"><span class='ocrx_word' id='word_1_195' title='bbox 141 2996 207 3071; x_wconf 84' lang='lat' dir='ltr'><strong>dur</strong></span> <span class='ocrx_word' id='word_1_196' title='bbox 237 2991 308 3079; x_wconf 85' lang='lat' dir='ltr'><strong>est,</strong></span> <span class='ocrx_word' id='word_1_197' title='bbox 348 2986 561 3063; x_wconf 81' lang='lat' dir='ltr'><strong>utiliffimum</strong></span> <span class='ocrx_word' id='word_1_198' title='bbox 594 2990 751 3066; x_wconf 91' lang='lat' dir='ltr'><strong>condidit</strong></span> <span class='ocrx_word' id='word_1_199' title='bbox 789 3017 899 3091; x_wconf 78' lang='lat' dir='ltr'><strong>opus,</strong></span> <span class='ocrx_word' id='word_1_200' title='bbox 925 2995 1010 3070; x_wconf 91' lang='lat' dir='ltr'><strong>ibid.</strong></span> <span class='ocrx_word' id='word_1_201' title='bbox 1043 2992 1264 3068; x_wconf 87' lang='lat' dir='ltr'><strong>aDacherio</strong></span> <span class='ocrx_word' id='word_1_202' title='bbox 1287 2991 1360 3068; x_wconf 90' lang='lat' dir='ltr'><strong>edi·</strong></span> 
     </span>
    </p>

    <p class='ocr_par' dir='ltr' id='par_1_12' title="bbox 141 3080 1361 3257">
     <span class='ocr_line' id='line_1_26' title="bbox 141 3080 1361 3257; baseline -0.003 -91"><span class='ocrx_word' id='word_1_203' title='bbox 141 3109 238 3177; x_wconf 73' lang='lat' dir='ltr'><strong>turn,</strong></span> <span class='ocrx_word' id='word_1_204' title='bbox 270 3087 307 3158; x_wconf 78' lang='lat' dir='ltr'><strong>de</strong></span> <span class='ocrx_word' id='word_1_205' title='bbox 331 3080 515 3195; x_wconf 71' lang='lat' dir='ltr'><strong>lraerrſsdrrs</strong></span> <span class='ocrx_word' id='word_1_206' title='bbox 536 3085 599 3200; x_wconf 70' lang='lat' dir='ltr'><strong>stri</strong></span> <span class='ocrx_word' id='word_1_207' title='bbox 631 3091 802 3183; x_wconf 84' lang='lat' dir='ltr'><strong>temporis,</strong></span> <span class='ocrx_word' id='word_1_208' title='bbox 827 3091 956 3188; x_wconf 89' lang='lat' dir='ltr'><strong>quippe</strong></span> <span class='ocrx_word' id='word_1_209' title='bbox 991 3093 1028 3164; x_wconf 95' lang='lat' dir='ltr'><strong>in</strong></span> <span class='ocrx_word' id='word_1_210' title='bbox 1059 3111 1129 3257; x_wconf 72' lang='lat' dir='ltr'><strong>quo</strong></span> <span class='ocrx_word' id='word_1_211' title='bbox 1160 3090 1268 3163; x_wconf 89' lang='lat' dir='ltr'><strong>fidem</strong></span> <span class='ocrx_word' id='word_1_212' title='bbox 1289 3089 1361 3164; x_wconf 86' lang='lat' dir='ltr'><strong>Ec·</strong></span> 
     </span>
    </p>

    <p class='ocr_par' dir='ltr' id='par_1_13' title="bbox 140 3182 1361 3280">
     <span class='ocr_line' id='line_1_27' title="bbox 140 3182 1361 3280; baseline -0.002 -16"><span class='ocrx_word' id='word_1_213' title='bbox 140 3182 266 3265; x_wconf 87' lang='lat' dir='ltr'><strong>cleliae</strong></span> <span class='ocrx_word' id='word_1_214' title='bbox 289 3182 333 3255; x_wconf 91' lang='lat' dir='ltr'><strong>de</strong></span> <span class='ocrx_word' id='word_1_215' title='bbox 361 3202 564 3279; x_wconf 77' lang='lat' dir='ltr'><strong>praecipuis</strong></span> <span class='ocrx_word' id='word_1_216' title='bbox 588 3184 783 3280; x_wconf 83' lang='lat' dir='ltr'><strong>capitibus,</strong></span> <span class='ocrx_word' id='word_1_217' title='bbox 816 3186 955 3261; x_wconf 83' lang='lat' dir='ltr'><strong>ordines</strong></span> <span class='ocrx_word' id='word_1_218' title='bbox 991 3187 1064 3261; x_wconf 84' lang='lat' dir='ltr'><strong>Ecc</strong></span> <span class='ocrx_word' id='word_1_219' title='bbox 1076 3182 1274 3274; x_wconf 68' lang='lat' dir='ltr'><strong>erraticos,</strong></span> <span class='ocrx_word' id='word_1_220' title='bbox 1317 3208 1361 3261; x_wconf 89' lang='lat' dir='ltr'><strong>ac</strong></span> 
     </span>
    </p>

    <p class='ocr_par' dir='ltr' id='par_1_14' title="bbox 139 3277 1356 3376">
     <span class='ocr_line' id='line_1_28' title="bbox 139 3277 1356 3376; baseline -0.002 -16"><span class='ocrx_word' id='word_1_221' title='bbox 139 3283 201 3360; x_wconf 89' lang='lat' dir='ltr'><strong>reli</strong></span> <span class='ocrx_word' id='word_1_222' title='bbox 229 3277 348 3366; x_wconf 83' lang='lat' dir='ltr'><strong>iosos,</strong></span> <span class='ocrx_word' id='word_1_223' title='bbox 388 3297 458 3352; x_wconf 91' lang='lat' dir='ltr'><strong>nec</strong></span> <span class='ocrx_word' id='word_1_224' title='bbox 498 3298 570 3352; x_wconf 92' lang='lat' dir='ltr'><strong>non</strong></span> <span class='ocrx_word' id='word_1_225' title='bbox 602 3282 816 3355; x_wconf 89' lang='lat' dir='ltr'><strong>sacramenta</strong></span> <span class='ocrx_word' id='word_1_226' title='bbox 847 3281 1031 3376; x_wconf 86' lang='lat' dir='ltr'><strong>baptismi,</strong></span> <span class='ocrx_word' id='word_1_227' title='bbox 1073 3282 1356 3371; x_wconf 81' lang='lat' dir='ltr'><strong>confirmationis</strong></span> 
     </span>
    </p>

    <p class='ocr_par' dir='ltr' id='par_1_15' title="bbox 23 3305 1358 3571">
     <span class='ocr_line' id='line_1_29' title="bbox 23 3305 1358 3546; baseline 0.029 -130"><span class='ocrx_word' id='word_1_228' title='bbox 23 3410 27 3416; x_wconf 84' lang='lat'>.</span> <span class='ocrx_word' id='word_1_229' title='bbox 140 3305 390 3546; x_wconf 52' lang='lat' dir='ltr'><strong>euciasrisliae,</strong></span> <span class='ocrx_word' id='word_1_230' title='bbox 422 3392 463 3448; x_wconf 91' lang='lat' dir='ltr'><strong>et</strong></span> <span class='ocrx_word' id='word_1_231' title='bbox 486 3375 646 3474; x_wconf 87' lang='lat' dir='ltr'><strong>conjugii</strong></span> <span class='ocrx_word' id='word_1_232' title='bbox 671 3396 740 3452; x_wconf 89' lang='lat' dir='ltr'><strong>etc.</strong></span> <span class='ocrx_word' id='word_1_233' title='bbox 766 3379 924 3454; x_wconf 89' lang='lat' dir='ltr'><strong>breviter</strong></span> <span class='ocrx_word' id='word_1_234' title='bbox 962 3398 1000 3453; x_wconf 92' lang='lat' dir='ltr'><strong>et</strong></span> <span class='ocrx_word' id='word_1_235' title='bbox 1041 3382 1131 3453; x_wconf 88' lang='lat' dir='ltr'><strong>clare</strong></span> <span class='ocrx_word' id='word_1_236' title='bbox 1168 3378 1358 3455; x_wconf 83' lang='lat' dir='ltr'><strong>admodum</strong></span> 
     </span>
     <span class='ocr_line' id='line_1_30' title="bbox 138 3491 666 3571; baseline -0.004 -25"><span class='ocrx_word' id='word_1_237' title='bbox 138 3498 236 3569; x_wconf 69' lang='lat' dir='ltr'><strong>expo</strong></span> <span class='ocrx_word' id='word_1_238' title='bbox 254 3491 316 3544; x_wconf 86' lang='lat' dir='ltr'><strong>tut.</strong></span> <span class='ocrx_word' id='word_1_239' title='bbox 659 3558 666 3571; x_wconf 32' lang='grc'><strong><em>1</em></strong></span> 
     </span>
    </p>

    <p class='ocr_par' dir='ltr' id='par_1_16' title="bbox 171 3568 1356 3742">
     <span class='ocr_line' id='line_1_31' title="bbox 171 3568 1356 3742; baseline 0.009 -103"><span class='ocrx_word' id='word_1_240' title='bbox 171 3571 219 3742; x_wconf 52' lang='grc' dir='ltr'><strong>ἓ.</strong></span> <span class='ocrx_word' id='word_1_241' title='bbox 244 3568 347 3642; x_wconf 91' lang='lat' dir='ltr'><strong>XIV.</strong></span> <span class='ocrx_word' id='word_1_242' title='bbox 374 3568 491 3641; x_wconf 79' lang='lat' dir='ltr'><strong>Petrus</strong></span> <span class='ocrx_word' id='word_1_243' title='bbox 521 3569 744 3663; x_wconf 71' lang='lat' dir='ltr'><strong>Lauriotim,</strong></span> <span class='ocrx_word' id='word_1_244' title='bbox 778 3574 956 3672; x_wconf 78' lang='lat' dir='ltr'><strong>genuinus</strong></span> <span class='ocrx_word' id='word_1_245' title='bbox 986 3574 1208 3672; x_wconf 89' lang='lat' dir='ltr'><strong>Theologiae</strong></span> <span class='ocrx_word' id='word_1_246' title='bbox 1242 3574 1356 3650; x_wconf 81' lang='lat' dir='ltr'><strong>Scho-</strong></span> 
     </span>
    </p>

    <p class='ocr_par' dir='ltr' id='par_1_17' title="bbox 137 3665 1361 3771">
     <span class='ocr_line' id='line_1_32' title="bbox 137 3665 1361 3771; baseline -0.005 -21"><span class='ocrx_word' id='word_1_247' title='bbox 137 3675 170 3750; x_wconf 89' lang='lat' dir='ltr'><strong>la</strong></span> <span class='ocrx_word' id='word_1_248' title='bbox 202 3668 278 3741; x_wconf 83' lang='lat' dir='ltr'><strong>icae</strong></span> <span class='ocrx_word' id='word_1_249' title='bbox 304 3665 491 3752; x_wconf 91' lang='lat' dir='ltr'><strong>conditor,</strong></span> <span class='ocrx_word' id='word_1_250' title='bbox 516 3689 536 3739; x_wconf 90' lang='lat' dir='ltr'><strong>a</strong></span> <span class='ocrx_word' id='word_1_251' title='bbox 563 3668 675 3762; x_wconf 86' lang='lat' dir='ltr'><strong>patria</strong></span> <span class='ocrx_word' id='word_1_252' title='bbox 698 3669 744 3742; x_wconf 86' lang='lat' dir='ltr'><strong>stc</strong></span> <span class='ocrx_word' id='word_1_253' title='bbox 766 3673 903 3755; x_wconf 71' lang='lat' dir='ltr'><strong>ditius.</strong></span> <span class='ocrx_word' id='word_1_254' title='bbox 950 3672 1100 3771; x_wconf 89' lang='lat' dir='ltr'><strong>primum</strong></span> <span class='ocrx_word' id='word_1_255' title='bbox 1125 3673 1194 3746; x_wconf 88' lang='lat' dir='ltr'><strong>suit</strong></span> <span class='ocrx_word' id='word_1_256' title='bbox 1220 3673 1361 3746; x_wconf 73' lang='lat' dir='ltr'><strong>Dodlor</strong></span> 
     </span>
    </p>

    <p class='ocr_par' dir='ltr' id='par_1_18' title="bbox 140 3758 1354 3856">
     <span class='ocr_line' id='line_1_33' title="bbox 140 3758 1354 3856; baseline 0.007 -22"><span class='ocrx_word' id='word_1_257' title='bbox 140 3758 349 3848; x_wconf 82' lang='lat' dir='ltr'><strong>Paristenlis,</strong></span> <span class='ocrx_word' id='word_1_258' title='bbox 376 3779 414 3833; x_wconf 92' lang='lat' dir='ltr'><strong>et</strong></span> <span class='ocrx_word' id='word_1_259' title='bbox 438 3763 637 3835; x_wconf 74' lang='lat' dir='ltr'><strong>eanonicus</strong></span> <span class='ocrx_word' id='word_1_260' title='bbox 664 3768 899 3856; x_wconf 85' lang='lat' dir='ltr'><strong>Carnotensrs,</strong></span> <span class='ocrx_word' id='word_1_261' title='bbox 925 3768 1009 3841; x_wconf 90' lang='lat' dir='ltr'><strong>dein</strong></span> <span class='ocrx_word' id='word_1_262' title='bbox 1034 3768 1236 3843; x_wconf 88' lang='lat' dir='ltr'><strong>Scholarum</strong></span> <span class='ocrx_word' id='word_1_263' title='bbox 1262 3769 1354 3844; x_wconf 91' lang='lat' dir='ltr'><strong>Pari·</strong></span> 
     </span>
    </p>

    <p class='ocr_par' dir='ltr' id='par_1_19' title="bbox 17 3856 1345 3961">
     <span class='ocr_line' id='line_1_34' title="bbox 17 3856 1345 3961; baseline 0.001 -21"><span class='ocrx_word' id='word_1_264' title='bbox 17 3890 21 3898; x_wconf 90' lang='lat'>·</span> <span class='ocrx_word' id='word_1_265' title='bbox 139 3858 296 3941; x_wconf 86' lang='lat' dir='ltr'><strong>liensmtn</strong></span> <span class='ocrx_word' id='word_1_266' title='bbox 319 3857 474 3944; x_wconf 73' lang='lat' dir='ltr'><strong>praeses,</strong></span> <span class='ocrx_word' id='word_1_267' title='bbox 499 3856 648 3954; x_wconf 89' lang='lat' dir='ltr'><strong>denique</strong></span> <span class='ocrx_word' id='word_1_268' title='bbox 665 3861 858 3961; x_wconf 83' lang='lat' dir='ltr'><strong>Episcopus</strong></span> <span class='ocrx_word' id='word_1_269' title='bbox 874 3863 1065 3939; x_wconf 82' lang='lat' dir='ltr'><strong>Parisrensrs</strong></span> <span class='ocrx_word' id='word_1_270' title='bbox 1081 3867 1124 3937; x_wconf 89' lang='lat' dir='ltr'><strong>ab</strong></span> <span class='ocrx_word' id='word_1_271' title='bbox 1152 3885 1183 3940; x_wconf 88' lang='lat' dir='ltr'><strong>a.</strong></span> <span class='ocrx_word' id='word_1_272' title='bbox 1212 3887 1345 3956; x_wconf 62' lang='lat'>1159„</span> 
     </span>
    </p>

    <p class='ocr_par' dir='ltr' id='par_1_20' title="bbox 142 3953 1357 4058">
     <span class='ocr_line' id='line_1_35' title="bbox 142 3953 1357 4058; baseline 0 -21"><span class='ocrx_word' id='word_1_273' title='bbox 142 3953 330 4038; x_wconf 74' lang='lat' dir='ltr'><strong>desundlus</strong></span> <span class='ocrx_word' id='word_1_274' title='bbox 353 3977 383 4026; x_wconf 87' lang='lat' dir='ltr'><strong>a.</strong></span> <span class='ocrx_word' id='word_1_275' title='bbox 422 3959 527 4044; x_wconf 82' lang='lat'><em>1164.</em></span> <span class='ocrx_word' id='word_1_276' title='bbox 561 3956 838 4033; x_wconf 88' lang='lat' dir='ltr'><strong>Celeberrimurn</strong></span> <span class='ocrx_word' id='word_1_277' title='bbox 871 3981 988 4034; x_wconf 91' lang='lat' dir='ltr'><strong>autem</strong></span> <span class='ocrx_word' id='word_1_278' title='bbox 1021 3963 1096 4058; x_wconf 84' lang='lat' dir='ltr'><strong>ejus</strong></span> <span class='ocrx_word' id='word_1_279' title='bbox 1137 3959 1188 4035; x_wconf 91' lang='lat' dir='ltr'><strong>est</strong></span> <span class='ocrx_word' id='word_1_280' title='bbox 1226 3983 1357 4037; x_wconf 88' lang='lat' dir='ltr'><strong>nomen</strong></span> 
     </span>
    </p>

    <p class='ocr_par' dir='ltr' id='par_1_21' title="bbox 140 4047 1359 4227">
     <span class='ocr_line' id='line_1_36' title="bbox 140 4047 1359 4227; baseline 0.002 -99"><span class='ocrx_word' id='word_1_281' title='bbox 140 4077 203 4155; x_wconf 91' lang='lat' dir='ltr'><strong>per</strong></span> <span class='ocrx_word' id='word_1_282' title='bbox 226 4067 374 4151; x_wconf 89' lang='lat' dir='ltr'><strong>quatuor</strong></span> <span class='ocrx_word' id='word_1_283' title='bbox 396 4047 504 4125; x_wconf 81' lang='lat' dir='ltr'><strong>libros</strong></span> <span class='ocrx_word' id='word_1_284' title='bbox 516 4048 781 4148; x_wconf 81' lang='lat' dir='ltr'><strong>sententiarum,</strong></span> <span class='ocrx_word' id='word_1_285' title='bbox 801 4057 893 4132; x_wconf 91' lang='lat' dir='ltr'><strong>unde</strong></span> <span class='ocrx_word' id='word_1_286' title='bbox 920 4055 1081 4154; x_wconf 85' lang='lat' dir='ltr'><strong>Magistri</strong></span> <span class='ocrx_word' id='word_1_287' title='bbox 1108 4057 1359 4227; x_wconf 63' lang='lat' dir='ltr'><strong>sententiarulm</strong></span> 
     </span>
    </p>

    <p class='ocr_par' dir='ltr' id='par_1_22' title="bbox 1242 4174 1365 4229">
     <span class='ocr_line' id='line_1_37' title="bbox 1242 4174 1365 4229; baseline -0.008 0"><span class='ocrx_word' id='word_1_288' title='bbox 1242 4174 1310 4229; x_wconf 85' lang='lat' dir='ltr'><strong>trtu</strong></span> <span class='ocrx_word' id='word_1_289' title='bbox 1327 4176 1365 4228; x_wconf 82' lang='lat' dir='ltr'><strong>ua</strong></span> 
     </span>
    </p>
   </div>
   <div class='ocr_carea' id='block_1_5' title="bbox 0 0 1516 4806">
    <p class='ocr_par' dir='ltr' id='par_1_23' title="bbox 0 0 1516 4806">
     <span class='ocr_line' id='line_1_38' title="bbox 0 0 1516 4806; baseline 0 0"><span class='ocrx_word' id='word_1_290' title='bbox 0 0 1516 4806; x_wconf 95' lang='lat' dir='ltr'><strong> </strong></span> 
     </span>
    </p>
   </div>
  </div>
 </body>
</html>
