2976 4830
123 594 201 682 446
501 583 649 683 Htfiaria
672 577 802 679 Eccles.
831 578 949 678 Christ.

129 762 334 852 destritam,
358 759 508 856 aliasque
533 757 817 853 superstitiones,
843 777 878 831 et
902 780 997 841 nova
1019 754 1117 833 festa.
1152 757 1360 831 tomacutata

133 862 329 955 conceptio
364 861 501 930 Mariae
535 856 606 928 stne
640 875 790 949 peccato
829 855 990 950 originali
1041 853 1190 927 definita
1223 854 1359 950 quidem

135 957 188 1031 est
213 958 249 1028 in
276 955 418 1051 Synodo
443 949 645 1039 Bastleensr,
673 953 750 1039 sed,
778 949 864 1023 stcut
880 969 982 1022 antea
1007 949 1169 1038 fuerunt,
1197 949 1248 1022 ita
1273 948 1359 1044 poll·

136 1075 177 1127 ea
212 1075 282 1124 oon
316 1049 508 1137 cessarunt,
533 1048 624 1121 circa
655 1070 730 1117 eam
763 1048 952 1119 acerrimae
977 1046 1068 1118 lites.
1118 1048 1357 1139 Disceptaturn

136 1150 245 1222 deca
272 1148 339 1218 luit
367 1145 483 1217 seculo
507 1142 759 1238 praecedente,
793 1143 972 1238 Johaones
997 1143 1125 1215 Scotus
1160 1141 1271 1230 savit,
1307 1140 1356 1214 sed

138 1243 367 1323 meticulose,
410 1240 641 1311 inmaculatae
676 1239 922 1332 conceptioni,
966 1258 1005 1310 ut
1037 1241 1100 1310 suo
1122 1239 1206 1310 loco
1231 1235 1356 1311 notavi

138 1343 229 1413 Cum
251 1361 337 1408 vero
365 1336 547 1430 Joltannes
570 1334 614 1406 de
632 1334 873 1419 Montesono,
901 1332 1100 1423 Hispanus,
1125 1335 1275 1408 Ordinis
1293 1335 1358 1405 Do·

140 1432 327 1518 minicani,
353 1452 391 1502 et
417 1429 592 1505 Professor
618 1429 838 1525 Theologiae
865 1428 1075 1517 Pariliensts,
1100 1430 1135 1502 ci
1162 1430 1358 1503 contradix-

141 1530 240 1616 isset,
267 1524 465 1623 proposttio
481 1527 557 1621 ejus
582 1525 670 1609 suit,
697 1549 762 1597 utta
781 1548 859 1596 cum
885 1524 1047 1619 alrisejus
1065 1523 1246 1615 tnet’tbus,
1272 1526 1359 1597 dam·

142 1646 225 1699 nata
242 1647 260 1694 a
280 1624 458 1694 Facultate
484 1620 658 1694 Paristenst
677 1644 706 1692 a.
732 1629 855 1714 1387„
882 1621 985 1707 licet,
1006 1621 1100 1715 quod
1121 1623 1282 1694 nonnulli
1300 1643 1358 1694 tra·-

143 1722 254 1808 dunt,
281 1718 400 1791 salsum
427 1718 488 1804 stt,
516 1719 730 1789 Facultatem
757 1719 828 1809 jam
853 1736 937 1789 tunc
961 1721 1003 1789 ab
1027 1717 1174 1797 alumnis
1199 1719 1267 1790 l‘uis
1287 1738 1359 1789 ere·

142 1814 230 1914 gille
259 1814 519 1910 juramentum,
553 1814 595 1884 ad
628 1813 872 1884 inmaculatam
907 1811 1186 1904 conceptionem
1213 1835 1360 1908 propug-

140 1910 307 1998 nandam3
341 1907 578 1981 introductum
606 1905 699 1978 enim
728 1907 810 1980 illud
835 1909 974 1980 demum
1000 1907 1052 1979 en
1082 1906 1163 2001 post
1189 1911 1362 2005 Synodum

143 2008 382 2084 Bustleensem.
435 2004 493 2075 De
517 2026 587 2098 quo
614 1999 712 2096 supra
732 2001 803 2096 jam
821 2003 954 2075 monui.
1004 2004 1361 2097 Synodusveroilla,

145 2104 220 2180 sess.
261 2106 385 2176 decima
416 2105 533 2186 tertia,
567 2097 770 2193 opinionem
804 2100 845 2168 de
884 2101 1090 2170 inmaculata
1131 2103 1363 2196 conceptione

149 2198 305 2285 Mariae,
332 2200 456 2294 absque
483 2216 629 2290 peccato
653 2194 831 2289 originali,
857 2195 998 2289 ejusque
1021 2194 1241 2267 inmunitate
1257 2223 1276 2270 a
1291 2219 1363 2290 pec·

146 2317 231 2368 cato
253 2293 397 2377 actuali,
425 2290 590 2372 sancivit,
619 2310 781 2384 tanquam
803 2299 910 2381 piant,
938 2311 974 2361 et
992 2290 1098 2360 calcat·
1120 2290 1362 2383 Ecclesiastico,

118 2450 122 2455 .
142 2390 225 2486 fidei
253 2389 458 2472 Catholicae,
484 2387 752 2464 reclamationi,
782 2405 814 2457 et
832 2389 955 2459 Sacrae
970 2391 1164 2477 scripturae
1183 2389 1358 2485 consonam,

145 2483 302 2575 adeoque
335 2482 377 2551 ab
405 2478 564 2550 omnibus
593 2480 782 2553 Catholicis
813 2482 1065 2575 adprobandtm
1097 2503 1136 2554 et
1165 2487 1354 2571 tenendam,

147 2575 267 2652 addito
290 2575 469 2648 doetrinae
495 2575 688 2646 contratiae
717 2576 918 2650 interdicto.
971 2578 1054 2649 Nec
1078 2597 1201 2653 tamen
1226 2580 1293 2653 liter
1309 2580 1361 2651 in·

149 2693 205 2747 tet
239 2672 485 2746 Franciscanos
518 2690 554 2742 et
583 2672 835 2745 Dominicanos
861 2673 1049 2760 cessarunt,
1085 2676 1145 2745 sub
1174 2678 1278 2749 Sixto
1299 2674 1362 2749 Ν.

150 2769 341 2869 praecipue
372 2771 543 2866 agitatae,
578 2789 724 2864 quorum
759 2769 809 2841 illi
833 2769 1019 2864 Virginem
1054 2768 1098 2840 de
1132 2771 1271 2863 Spiritu
1301 2769 1367 2844 elie

151 2887 364 2962 conceptam
392 2868 576 2949 tenebant,
601 2862 639 2935 hi
666 2889 773 2950 uero,
801 2866 938 2960 peccati
965 2865 1129 2937 maculam
1147 2868 1181 2937 in
1198 2868 1273 2962 ejus
1289 2890 1369 2940 con·

150 2981 255 3056 ceptu
282 2962 456 3035 urserunt:
483 2961 575 3032 unde
594 2979 734 3032 mutuae
757 2960 926 3034 haerestos
941 2980 976 3031 et
994 2960 1163 3055 sacrilegii
1183 2963 1371 3038 accusatio·

150 3080 215 3132 nes
240 3056 318 3129 stmt
341 3077 449 3130 ortae.
489 3054 591 3129 Favit
616 3058 766 3150 quidem·
782 3059 897 3130 Sixtus
914 3058 981 3130 tv.
1007 3057 1264 3148 Franciscanir,
1290 3081 1372 3156 quo·

152 3174 232 3225 rum
258 3150 383 3224 Ordini
409 3150 517 3225 suerat
543 3150 695 3238 deditus,
722 3153 800 3239 sed,
826 3175 983 3226 neutram
1011 3152 1224 3228 sententiam
1251 3152 1371 3230 delini·

156 3269 197 3319 re
228 3265 287 3317 aut
320 3251 505 3343 reprobare
534 3249 723 3321 autoritate
754 3247 957 3339 Apostolica
982 3250 1100 3337 ausus,
1125 3251 1273 3326 liberam
1296 3253 1372 3325 reli·

155 3340 235 3435 quit
261 3341 555 3431 disputationem,
587 3345 694 3416 modo
717 3347 759 3415 ab
787 3345 953 3418 haerestos
977 3344 1199 3419 accusatione
1219 3345 1373 3433 ,abstine-

153 3455 263 3510 retur.
314 3440 443 3514 Vetuit
466 3441 576 3525 enim,
604 3439 702 3511 edito
726 3439 918 3535 diplomate
938 3464 1039 3535 grave
1064 3445 1161 3515 nimir
1185 3465 1217 3516 a.
1248 3454 1373 3538 1483.,

154 3552 214 3606 eas
251 3536 486 3609 accusationes
515 3535 574 3610 sub
597 3535 972 3609 excommunicatione.
1024 3539 1233 3611 Mansemnt
1259 3540 1377 3637 itaque

156 3627 431 3718 disputationes,
475 3652 513 3704 et
551 3631 724 3703 Ecclesiae
761 3631 902 3704 suerunt
940 3631 1078 3707 divisae.
1139 3634 1373 3712 Franciscanir

158 3723 275 3798 variae
299 3727 513 3801 accesserunt
537 3727 768 3816 Academiae,
794 3729 846 3802 uti
871 3728 1085 3812 Pariliensts,
1111 3729 1267 3809 formula
1292 3753 1367 3830 quo·

156 3843 226 3916 qne
250 3821 448 3897 sacramenti
474 3824 561 3896 hanc
586 3820 622 3892 in
639 3843 713 3894 rem
732 3822 950 3913 introducta,
977 3826 1216 3910 Colonienlis,
1244 3850 1284 3903 et
1304 3829 1370 3902 Tu·

159 3916 351 4010 bingensis,
379 3943 473 3996 totus
507 3937 684 4014 praeterea
719 3918 794 3992 sere
827 3923 944 3993 Clerus
977 3946 1056 3995 cum
1081 3922 1252 3998 Praelatio.
1302 3928 1377 3998 lmo

154 4010 410 4099 Aveuionense
433 4015 642 4108 concitum,
665 4014 823 4095 Ptaessde
845 4017 957 4094 Petro
973 4019 1018 4095 de
1036 4019 1156 4115 Faxo,
1180 4020 1382 4108 cardinali,

132 4126 246 4456 *X
717 4176 729 4188 .
852 4146 858 4163 ·
1213 4139 1246 4195 a.
1275 4134 1377 4212 1457·
