2976 4830
132 559 208 633 454
238 628 248 645 ,
515 527 662 627 Historia
686 520 815 624 Eccles.
839 521 960 622 Christ.

141 717 179 792 in
202 710 386 811 spicileg,
412 723 451 780 et
466 705 633 781 Marteue
651 703 829 781 Anecdor
853 720 939 781 tom.
964 703 1013 781 ΙΙ.
1038 700 1142 803 Quod
1166 701 1345 781 conciiuu

144 833 182 887 et
213 810 369 883 etlinun
400 825 444 876 eo
474 804 658 875 notabilius
691 800 760 888 est,
788 805 878 896 quod
902 798 1044 897 antiqua
1068 800 1244 876 Ecclesiae
1275 802 1343 879 Gal

144 909 274 986 licanae
307 906 448 976 ltbertas
474 919 518 970 eo
543 896 651 970 fuerit
673 914 852 970 renovata.
903 898 1030 969 Secuta
1053 895 1126 970 hoc
1152 901 1343 995 exemplum

143 1003 195 1076 est
222 1021 295 1075 tota
318 999 390 1070 sere
414 995 572 1088 Europa,
597 994 686 1066 adeo
711 1009 748 1064 ut
781 989 956 1087 utriusque
988 993 1101 1087 Papae
1129 993 1343 1072 obedieutiae

145 1098 216 1175 sese
256 1097 440 1168 maximam
479 1109 611 1184 partem
643 1085 867 1160 subduxerint
906 1086 1092 1160 Ecclesrae.
1143 1087 1209 1162 Ne
1242 1113 1344 1169 autern

144 1188 351 1270 Benedidlur
382 1182 569 1273 evaderet,
599 1202 659 1257 aut
683 1187 771 1257 bona
795 1180 936 1256 consilia
967 1183 1130 1256 redderet
1167 1183 1285 1277 irrita,
1311 1188 1344 1266 in

146 1286 302 1364 custodia
326 1279 396 1369 est,
418 1276 509 1377 juliu
533 1296 569 1352 et
586 1299 690 1374 opera
708 1276 839 1374 Regia,
866 1279 1029 1351 detentus
1043 1277 1082 1352 in
1098 1280 1174 1353 aula
1194 1282 1344 1379 Avenie-¹

147 1381 255 1461 nenst.
304 1378 388 1451 Nec
414 1396 529 1450 tamen
551 1375 754 1461 defuerunt,
780 1375 906 1468 quibus
927 1371 1150 1447 obedientiae
1167 1375 1346 1455 subtrabiio

146 1473 333 1571 displicuit.
392 1472 490 1544 Inter
524 1493 610 1566 quos
642 1469 711 1541 suit
736 1468 926 1543 Academia
951 1469 1146 1559 Tolosam,
1180 1497 1268 1569 quae
1288 1477 1346 1565 hac

146 1571 250 1670 super
276 1593 315 1680 re
338 1569 471 1642 litterar
495 1567 535 1638 ad
560 1566 614 1639 Re
642 1588 697 1636 ern
715 1563 835 1652 dedit,
868 1563 1036 1637 Nicolaua
1057 1565 1103 1638 de
1128 1567 1228 1643 Clem
1296 1571 1348 1663 iia,

147 1690 207 1838 ll
229 1664 331 1837 illl·
352 1663 577 1856 {nillil
593 1659 1350 1861 ab,Flllll‘lltlillntllnid

147 1861 215 1935 late
229 1857 404 1932 deducens
419 1848 665 1938 incommoda,
688 1849 769 1922 rnde
786 1850 914 1945 Regno
929 1868 965 1921 et
979 1848 1153 1928 Ecclesrae
1170 1876 1350 1951 eventura,

149 1978 196 2130 tt
214 1944 1144 2124 ltalss‘trtlnaleranniami
1163 1952 1352 2123 :tnGe

149 2101 338 2226 dicaverit'
355 2139 510 2214 tollendo
536 2095 717 2211 schiimati.
1188 2069 1215 2142 p
1307 2070 1354 2148 μ’

155 2280 161 2291 ·
223 2237 436 2318 ,CCCCXL
462 2237 546 2309 Nec
571 2235 746 2305 meliorem
769 2230 895 2306 sortem
923 2231 959 2305 iu
986 2235 1041 2307 soa
1062 2234 1186 2311 habuit
1208 2238 1357 2333 ditione,

151 2243 447 2418 veiobedientia,
473 2327 665 2418 Bonlsacius
683 2328 767 2416 ΙΧ.,
792 2327 1173 2423 a.1404.desundlue,
1197 2336 1256 2432 qui
1268 2335 1353 2428 sese,

182 2456 219 2506 er
238 2425 444 2513 Simoniam,
470 2423 708 2521 tyrannidem,
733 2421 864 2521 aliaque
879 2424 984 2509 vitia,
1010 2425 1168 2502 reddidit
1184 2428 1347 2507 infamem.

153 2461 412 2606 ieneficiorum
436 2517 738 2607 nundinationem,
764 2542 864 2615 quarn
890 2517 1053 2615 graphice
1071 2522 1349 2621 descriputTue·

154 2620 318 2699 odoricus
344 2615 476 2703 Nienr,
502 2633 540 2686 et
571 2613 765 2687 Gobelinus
796 2614 965 2702 Persona,
998 2637 1069 2688 non
1103 2621 1240 2694 occulte
1265 2621 1353 2717 jam,

154 2718 215 2798 sed
238 2715 368 2815 palam,
394 2708 562 2782 exercuit.
612 2710 745 2782 Primus
765 2711 977 2782 Annatarum
996 2709 1169 2787 tributum
1190 2715 1357 2794 beneficiio

154 2816 232 2894 srne
255 2805 455 2885 discrimine
479 2806 650 2900 inposuit,
677 2806 742 2876 hac
759 2805 912 2893 ratione,
937 2823 975 2877 ut
992 2804 1050 2900 qui
1068 2809 1282 2887 beneficium
1297 2810 1358 2887 Eur

155 2904 382 2990 clesrasticum
415 2903 683 2996 consequeretur
715 2899 898 2973 dimidium
928 2898 1031 2972 annui
1064 2925 1262 2998 proventus
1290 2930 1361 3005 per·

156 3007 297 3081 solvere
337 2997 496 3070 debuerit
529 2998 613 3070 fisco
651 2994 868 3090 Apostolico.
928 2994 1042 3096 Quam
1079 3001 1359 3081 consuetudinem

157 3119 285 3175 ornnes
314 3091 540 3180 admiserunt,
581 3090 740 3185 exeeptis
772 3089 914 3187 Anglia,
962 3091 1021 3186 qui
1057 3093 1100 3166 ad
1121 3095 1366 3196 ,Episcopatu

158 3191 429 3271 restrinxerunt:
469 3187 729 3282 indulgentiae,
762 3207 891 3282 eaeque
930 3186 1125 3280 plenariae,
1164 3191 1217 3268 ita
1252 3194 1362 3292 paffinr

157 3287 421 3371 vendebantur,
451 3303 490 3356 ut
511 3285 601 3379 jam,
634 3300 792 3354 narrante
825 3281 976 3370 Platina,
1009 3277 1194 3360 vilesceret
1218 3289 1360 3367 clavim

154 3404 199 3462 et
229 3383 421 3457 litterarum
453 3376 728 3475 Apostolicarurn
762 3376 940 3450 autoritas.
994 3375 1194 3473 Jubilaeum
1226 3384 1361 3482 ingene

158 3477 301 3581 quaestu
327 3476 547 3561 acceleravit,
582 3492 619 3544 et
642 3473 834 3546 celebravit
859 3495 888 3546 a.
916 3492 1043 3566 1390„
1074 3482 1358 3571 repetendum

160 3594 274 3669 aruo.
319 3570 482 3664 Denique
509 3565 683 3662 inperium
709 3587 746 3640 et
776 3565 996 3665 tyrannidem
1029 3573 1192 3647 exercuit
1217 3574 1261 3652 in
1280 3596 1354 3653 reu·

160 3670 350 3776 poralibur·
368 3683 405 3737 et
437 3662 679 3773 spiritualibus,
724 3660 948 3757 Magistratus
970 3685 1036 3757 pro
1057 3682 1147 3740 nutu
1168 3668 1355 3750 creavirt'n

78 3890 85 3902 .
159 3760 525 3947 llllssllnlnlla
541 3754 727 3944 billi?
752 3754 1020 3928 llllllllb
1037 3760 1365 3962 lllllllitff,

157 3983 242 4042 num
263 3949 551 4052 Neapolitanum.
601 3949 691 4025 Cum
715 3949 913 4028 Richardus
934 3968 972 4025 et
993 3948 1194 4050 Eduardus,
1221 3961 1364 4055 Anglae

1255 4072 1373 4156 Ψ»
