3022 4806
620 474 638 487 ,e

535 702 539 709 ·
632 636 741 715 Secal.
768 632 856 714 XII.
1023 711 1026 717 .
1317 602 1375 722 11.

139 816 207 909 rio,
238 818 379 892 Abbate
413 814 449 891 8.
475 813 665 912 Dionysii,
691 814 840 913 expulsis
866 839 910 891 er
940 814 1152 913 Argentolio
1178 820 1225 894 ob
1249 817 1351 916 inpu-

138 916 280 990 dicitiae.
320 916 470 1009 Propter
503 915 597 1010 quod
633 914 723 986 maie
754 914 867 986 rursus
898 915 1010 987 audiit
1040 915 1272 1002 Abaeiardos,
1309 936 1349 990 ut

138 1013 207 1109 ipse
233 1009 445 1105 conquestus
472 1009 533 1083 est.
585 1010 653 1082 Sed
685 1027 817 1082 tanturn
850 1009 967 1098 abest,
1002 1028 1040 1081 ut
1073 1010 1172 1106 quies
1205 1010 1269 1107 ipsi
1300 1035 1346 1084 eo

139 1113 213 1184 ioco
244 1107 352 1181 suerit
381 1104 564 1193 concessa,
598 1123 636 1178 ut
670 1107 849 1200 graviores
880 1127 1003 1179 contra
1036 1104 1146 1200 ipsum
1177 1105 1347 1179 concitati

139 1208 200 1280 sint
231 1221 350 1276 motus
374 1221 439 1298 per
463 1201 696 1290 Gulielmum,
733 1203 910 1275 Abbatem
945 1204 979 1276 8.
1014 1201 1255 1276 Theudorici:
1287 1200 1348 1298 qai

138 1304 173 1378 io
194 1302 270 1395 ejus
292 1300 420 1372 librum
446 1300 492 1369 de
520 1295 695 1392 Theologia
724 1297 884 1370 incidens
916 1295 1033 1370 varior
1067 1296 1130 1370 fibi
1165 1297 1349 1371 observare

139 1420 269 1474 errores
293 1393 510 1490 periculosos
535 1394 570 1466 in
596 1415 642 1466 eo
668 1392 761 1467 visus
785 1391 859 1478 est3
883 1415 990 1487 quor,
1016 1390 1144 1489 scripta
1167 1390 1346 1487 disputati·

139 1517 225 1569 one.
253 1488 421 1565 exhibuit
441 1486 622 1562 Gaufredo
636 1488 868 1577 ·Crtnotensi‚
890 1508 927 1561 et
950 1490 1127 1562 Bernardo
1155 1489 1349 1564 Claraevai·

137 1589 231 1668 iensr.
285 1583 421 1687 Quibus
444 1585 543 1657 vaide
575 1606 773 1659 commotus
804 1580 1013 1674 Bernartius,
1047 1605 1107 1657 eor
1140 1584 1269 1681 ubique
1299 1584 1350 1658 di·

137 1690 279 1784 vulgare
304 1704 379 1849 opul
402 1679 567 1848 οείῐαᾶἰῑ,
599 1682 713 1755 donec
747 1680 845 1754 causa
869 1678 911 1753 ad
935 1681 1125 1755 concilium
1150 1679 1352 1755 senonense

136 1806 299 1871 ariao.
348 1796 521 1850 eatae.

186 1875 479 1978 §.1X.Errores
509 1888 627 1944 autern
663 1868 713 1944 illi
746 1871 825 1945 sunt
858 1894 1005 1946 nurnero
1037 1870 1257 1962 euodecim,
1290 1891 1351 1967 pe·

140 1972 236 2052 tendi
261 1993 305 2043 ex
332 1969 470 2042 Abbate
493 1965 733 2056 Theoderici,
761 1970 941 2041 Bernardo
954 1967 1055 2065 epist.
1079 1991 1160 2059 190.
1185 1969 1228 2044 ad
1243 1971 1351 2041 Iuno·

141 2072 297 2149 centium
320 2067 349 2136 Ι.
376 2065 524 2158 Papam,
549 2063 742 2159 Anonymo
765 2064 802 2137 in
825 2063 1064 2159 disputatione
1088 2085 1212 2139 contra
1238 2067 1349 2138 Abac-

140 2173 292 2251 tardum,
316 2180 354 2232 et
381 2160 521 2233 Ottone
546 2156 752 2254 Frisingensr
783 2158 828 2230 de
859 2159 966 2253 gestis
1003 2160 1184 2234 Fredetrci
1210 2163 1231 2232 1.
1260 2163 1289 2234 Ι.
1314 2180 1352 2237 c.

144 2289 204 2359 47.
258 2283 290 2333 1.
316 2258 463 2342 Primus,
483 2253 547 2351 ipsr
564 2252 761 2349 inputatae,
788 2255 913 2343 habet,
941 2252 1067 2350 gradus
1084 2255 1156 2327 dari
1173 2257 1209 2330 in
1226 2256 1352 2330 Trini-

143 2383 236 2448 rate,
270 2357 407 2427 Patrem
433 2347 503 2423 esse
526 2351 674 2444 primam
696 2349 916 2442 potentiam,
944 2349 1070 2423 Filium
1095 2353 1264 2447 quandam
1291 2375 1355 2449 po·

145 2456 316 2536 tentiam,
349 2447 519 2543 Spiritum
543 2447 578 2519 8.
603 2442 671 2516 effe
692 2445 815 2517 nussam
840 2446 1058 2539 potentiam,
1090 2468 1196 2540 porro
1221 2450 1353 2527 Filium

145 2555 178 2629 se
204 2552 335 2622 habere
359 2543 400 2615 ad
431 2543 590 2630 Patrem,
631 2558 669 2612 ut
700 2561 839 2613 aereum
875 2540 1023 2636 figiiium
1057 2542 1099 2614 ad
1131 2565 1205 2631 aee,
1238 2546 1351 2640 speci·

147 2673 201 2724 em
235 2644 280 2717 ad
312 2660 450 2737 genus,
490 2635 672 2710 hominem
705 2635 748 2709 ad
781 2635 916 2711 animal.
964 2638 1032 2712 Sed
1066 2638 1275 2714 Abaelardus
1314 2647 1353 2716 in

145 2743 310 2841 apologia,
335 2736 392 2808 seu
417 2731 500 2806 fidei
525 2729 756 2813 confessione.
781 2731 876 2805 hunc
905 2735 1091 2808 verborum
1119 2737 1254 2808 suorum
1278 2739 1353 2811 sen·

148 2846 221 2917 suro
245 2835 373 2908 diserte
398 2825 579 2924 repudiat,
601 2845 660 2915 et,
684 2847 728 2898 eo
757 2825 853 2900 sensu
871 2828 906 2900 se
935 2852 975 2902 ea
998 2825 1138 2918 dixisse,
1166 2851 1289 2924 negat:
1317 2835 1356 2907 in

148 2935 245 3014 libris
267 2946 407 3025 quoque
430 2923 510 3019 ipsis
533 2922 577 2995 de
603 2922 797 3016 Yieolegia,
824 2923 884 2996 ubi
913 2922 1034 2999 similia
1059 2945 1247 2999 occurrunt
1273 2951 1354 3002 ver·

148 3041 211 3121 ba,
234 3026 414 3110 adfirmat,
440 3022 474 3094 se
487 3018 632 3092 eandem
651 3041 826 3107 naturam,
845 3034 879 3090 et
894 3019 1145 3117 proprietates,
1164 3025 1357 3119 agnoscere

151 3132 189 3204 in
222 3124 329 3198 tribur
351 3115 533 3203 Personis,
565 3111 623 3188 sed
644 3114 746 3211 juxta
771 3113 953 3210 personales
985 3117 1237 3212 proprietates,
1271 3142 1358 3219 quae

152 3222 311 3326 personas
333 3210 568 3307 distinguunt,
591 3208 757 3296 statuere,
789 3211 928 3284 Patrem
950 3210 1017 3284 esse
1037 3216 1236 3306 potentiam,
1270 3219 1355 3293 Fili.

151 3346 211 3396 um
222 3316 447 3415 sapientiam,
471 3306 641 3403 Spiritum
663 3308 698 3381 S.
724 3306 940 3394 charitatem,
965 3329 1078 3405 eoque
1102 3311 1256 3404 respeao
1282 3333 1361 3388 tan·

152 3441 226 3493 turn
253 3407 395 3493 dixisse,
430 3401 553 3477 Filium
578 3401 645 3476 effe
668 3405 812 3497 aliquam
837 3401 1055 3496 potentiam,
1080 3424 1247 3501 quatenus
1271 3408 1362 3508 sapi·

154 3510 245 3586 entia
265 3503 316 3578 est
341 3524 420 3597 pars
452 3516 587 3571 tanturn
619 3495 817 3592 potentiae,
852 3497 983 3596 quippe
1015 3499 1253 3594 discernendi,
1289 3504 1376 3583 non'

154 3602 318 3705 operandi
346 3594 524 3694 potentia,
548 3592 718 3688 Spiritum
737 3593 771 3667 8.
797 3595 923 3668 nullam
948 3598 1159 3691 potentiam,
1187 3600 1266 3696 quia
1283 3607 1368 3680 cha·

155 3703 266 3779 ritaria
288 3696 367 3770 idea
390 3691 513 3766 nullam
541 3690 721 3786 potentiae
741 3688 903 3765 involvit.
955 3693 1131 3788 Ceperunt
1152 3695 1270 3795 itaque
1292 3701 1368 3798 ejoe

156 3817 305 3878 mentem
330 3788 439 3872 male,
471 3785 527 3858 sed
549 3803 587 3858 et
609 3785 683 3881 ipse
707 3784 813 3859 nimir
837 3786 1011 3863 subtiliter
1033 3786 1208 3883 disseruit,
1241 3805 1278 3868 et
1302 3814 1365 3871 an·

156 3880 662 4069 retentarunt
684 3879 1370 4080 intirrtnnnnna

180 4048 188 4064 ⁸
1078 4037 1089 4072 9

150 4088 316 4192 procedere
347 4073 490 4183 quidem
514 4092 560 4149 ex
580 4075 684 4177 Patre
706 4075 887 4250 Fp‘piossque,
919 4077 981 4156 sed
1000 4098 1073 4157 mn
1095 4076 1165 4157 effe
1187 4068 1380 4279 desssffl
