3022 4806
143 615 212 709 138
523 597 672 701 Historia
691 599 822 702 Erotes.
836 601 961 703 usust.

144 786 227 875 alia,
259 779 317 857 sed
341 801 427 877 quae
460 779 694 855 controversra
727 804 802 857 non
824 801 968 869 carent,
1004 775 1167 876 utiquea
1194 779 1365 857 nonnuliir

145 899 330 977 negantur.
385 899 416 953 1.
441 876 584 973 Judices
609 895 645 948 et
669 879 1020 975 Magistratur,-cum
1046 879 1145 947 omni
1166 874 1366 968 judiciuin

3 1050 6 1054 ,
149 980 342 1073 inprobos,
375 975 419 1047 ab
444 972 526 1070 rpstr
550 975 752 1069 inprobari,
795 975 945 1049 traditur
972 970 1112 1068 quidem
1136 969 1206 1043 fide
1232 973 1366 1049 nene

147 1074 213 1161 rii,
239 1092 277 1144 et
295 1067 533 1166 inquisitionis
552 1069 769 1147 Tolosame:
796 1070 857 1145 sed
878 1070 961 1143 iilud
980 1064 1140 1162 respedu
1156 1089 1297 1161 poenae
1312 1091 1366 1144 ca·

146 1167 264 1266 pinalis
288 1181 421 1236 tanturn
446 1163 709 1260 intelligendum
736 1165 827 1257 esse,
865 1163 939 1261 ipsa
962 1163 1018 1237 iiia
1043 1159 1243 1235 testimonia
1269 1163 1366 1239 evin·

149 1280 245 1339 cunt.
294 1261 498 1351 Praeterea,
529 1283 590 1332 eos
608 1262 851 1336 obedientiam
867 1284 939 1335 nun
956 1258 1095 1354 negasse
1118 1257 1366 1352 Magistratus,

150 1358 310 1450 antiquae
333 1376 453 1427 eorum
481 1352 649 1431 testantur
673 1357 915 1432 consessiones.
964 1354 1085 1456 Quid?
1123 1358 1218 1447 quod
1239 1353 1290 1429 -iu
1318 1356 1366 1429 su·

147 1457 232 1526 minc
264 1466 295 1522 et
319 1447 468 1546 thesaur
490 1450 600 1541 fidei,
622 1455 716 1548 apud
740 1454 944 1541 Petrinum,
964 1449 1096 1545 judicia
1113 1449 1276 1544 capitalia
1299 1473 1366 1535 non

143 1548 298 1623 absolute
328 1547 507 1624 damnent.
555 1545 744 1648 Quousque
776 1548 896 1644 iraque
931 1545 1009 1619 talia
1039 1544 1169 1637 judicia
1195 1544 1366 1642 proscrip

129 1642 282 1727 serint,
323 1662 361 1715 et
386 1664 467 1716 uum
490 1665 590 1717 omnr
614 1659 805 1740 ternpore,
846 1640 1035 1736 omnesque
1059 1639 1282 1731 waldenses,
1316 1647 1366 1721 ita

151 1737 338 1826 senserint,
364 1739 509 1813 dubium
532 1737 595 1813 est.
648 1760 682 1812 2.
708 1738 815 1830 Nec,
839 1740 933 1835 quod
957 1734 1038 1832 ipfir
1059 1733 1262 1830 inputatur,
1286 1757 1366 1830 par·

144 1831 377 1928 dobaprr'smurn
402 1833 627 1929 spreverunt,
666 1831 724 1908 sed
748 1858 813 1930 pro
849 1856 887 1907 re
908 1855 981 1909 non
1014 1831 1203 1908 necessaria
1228 1852 1366 1911 tantum

146 1933 361 2017 habuerunt,
391 1947 429 2002 ut
452 1951 497 2002 err
521 1928 599 2024 ipso
623 1928 797 2004 Reinerio
821 1947 941 2024 paret,
965 1926 1024 2023 qui
1048 1924 1127 2022 ipsis
1154 1946 1293 2004 tantum
1310 1927 1365 2005 in·

146 2045 268 2125 putat,
310 2022 517 2120 baptismum
551 2021 725 2100 infantum
751 2025 822 2101 effe
854 2023 1020 2099 inutilem.
1070 2023 1200 2118 Liquet
1216 2049 1366 2124 quoque

145 2146 194 2199 ex
218 2122 412 2197 Carauantio
435 2143 557 2194 eorum
582 2121 785 2219 Spirituali,
824 2119 977 2197 infantes
1006 2118 1049 2194 ab
1082 2117 1163 2213 rpus
1187 2120 1292 2196 fuisse
1313 2123 1363 2199 sa·

142 2241 215 2294 -cro
246 2221 385 2295 lavacro
416 2216 557 2293 unetos.
607 2220 767 2309 interea,
808 2239 886 2290 cum
917 2236 1039 2288 eorum
1069 2213 1225 2309 pastores
1260 2217 1364 2316 saepe

146 2312 325 2400 abessent,
350 2312 557 2407 baptismum
581 2315 790 2387 omittebant
812 2312 950 2406 potius,
973 2332 1072 2407 quam
1100 2329 1139 2385 ut
1162 2313 1364 2393 sacrificulis

142 2406 413 2480 committerent
443 2403 616 2497 infantes,
659 2405 987 2504 paedobaptismum
1009 2427 1080 2483 non
1112 2423 1182 2481 tam
1207 2409 1278 2484 esse
1301 2433 1364 2487 oe·

142 2498 324 2579 cessarium
358 2496 628 2577 existimantes:
670 2503 763 2579 unde
796 2503 901 2578 facile
930 2501 1017 2575 oriri
1046 2502 1161 2599 potuit
1186 2502 1358 2603 suspicio,

141 2594 250 2692 spreti
282 2595 325 2669 ab
348 2588 429 2692 ipsis
462 2592 633 2671 infantum
667 2597 839 2695 baptismi.
890 2623 922 2693 3.
949 2597 1214 2693 Jusjurnndum,
1255 2602 1362 2681 etiam

142 2688 360 2786 legitimum,
388 2715 449 2765 eor
471 2689 643 2788 praestare
669 2695 835 2783 noluisse,
861 2697 968 2769 refert
990 2696 1130 2789 quidem
1147 2696 1358 2794 Reineriur,

141 2789 201 2863 sed
223 2789 341 2877 addit,
364 2786 519 2885 persedit
543 2811 664 2866 eorum
684 2790 756 2865 hoc
781 2791 920 2887 proprie
943 2789 1158 2878 convenire,
1183 2795 1245 2888 qui
1264 2819 1358 2870 mor·

142 2904 217 2958 tern
242 2887 364 2983 potius
380 2887 578 2982 eligerent,
603 2910 703 2984 quana
730 2887 857 2977 utare,
880 2886 1023 2981 reliquis
1047 2909 1118 2960 non
1136 2891 1274 2981 prorsus
1296 2901 1362 2967 ved

138 2977 243 3053 titum
269 2978 338 3052 effe
356 2981 603 3074 juramentum.
658 2913 844 3059 Tedantur
867 2999 1048 3078 praeterea
1071 2983 1360 3088 Waidenseeipsi

141 3077 181 3148 sn
212 3075 409 3150 Kolendart‘o
441 3079 644 3177 Spirituasi,
675 3080 874 3178 legitimum
902 3078 991 3174 apud
1016 3079 1053 3150 se
1083 3079 1241 3155 obtinere
1265 3088 1358 3183 jura.

136 3189 305 3247 mentum.
458 3239 460 3243 ,
1285 3208 1289 3213 ·
1351 3208 1354 3219 ·

189 3265 221 3364 s.
248 3268 375 3344 CXIX.
415 3271 474 3343 De
507 3288 589 3344 ortu
616 3286 653 3344 et
684 3270 866 3367 progressu
902 3267 1013 3343 sertae
1045 3266 1164 3343 arturo
1186 3275 1359 3368 praemio

136 3377 216 3435 tere
240 3365 351 3438 visum
386 3364 438 3439 est
468 3365 638 3460 fingulare
670 3365 838 3440 Reinerii.
866 3365 1120 3452 testimonium,
1161 3389 1231 3462 quo
1268 3373 1359 3450 hane

138 3455 267 3534 sedam
293 3459 435 3560 reliquis
465 3459 626 3536 omnibus
656 3463 727 3538 esse
758 3461 1038 3559 perniuiosroretu
1062 3460 1168 3552 dicit,
1209 3467 1257 3539 ob
1294 3469 1358 3547 har

136 3570 212 3628 rrer
235 3554 368 3643 causas,
395 3581 427 3632 1.
452 3558 533 3654 quia
556 3555 606 3630 est
628 3563 790 3655 antiquior
813 3579 857 3633 et
874 3558 1088 3647 diuturnior,
1119 3558 1266 3652 addens,
1292 3565 1356 3642 alia

160 3673 225 3724 uos
249 3650 397 3740 dixisse,
432 3675 508 3728 earn
531 3675 550 3726 a
574 3656 809 3752 temporibus·
825 3654 1088 3730 silvestri-seca
1102 3654 1170 3728 IVa
1194 3654 1356 3755 durasse,

133 3671 324 3823 decendunt
346 3746 435 3821 alios
458 3773 477 3822 a
504 3765 666 3857 ternpore
690 3747 947 3846 Apostolorum.
999 3747 1185 3824 Reinerius
1211 3751 1355 3850 insumo

135 3868 211 3927 nra.
247 3842 307 3917 sub
333 3842 461 3932 finem,
498 3843 625 3931 tradit,
651 3870 714 3921 eos
736 3844 903 3934 censere,
932 3849 1014 3941 quod
1037 3845 1184 3939 Eccleſsa
1211 3850 1355 3950 chilim

132 3941 221 4017 haec
245 3937 338 4013 enirn
363 3938 437 4012 e'ur
466 3939 575 4011 verba
599 3940 698 4030 sunt,
727 3939 903 4034 pertnunstt
929 3948 961 4016 su
986 3943 1176 4047 Episcopis,
1208 3962 1253 4018 rr·
1272 3951 1356 4037 assir

131 4038 300 4125 Praetoris
307 4090 321 4134 ,
352 3962 450 4140 rtsqute
473 4034 817 4148 odda-diludimur,
843 4056 875 4117 rr
893 4045 928 4116 r'n
948 4039 1164 4138 eu-drfett'r,
1190 4042 1357 4249 ςαοιιίςὲἦ

217 4199 225 4215 .
712 4178 739 4211 υ
1113 4162 1137 4201 Α
1164 4182 1168 4187 ·
1208 4198 1212 4206 ,
1233 4198 1237 4205 .
1252 4184 1265 4205 ι
