3022 4806
670 621 781 725 Saul.
805 608 904 728 XV(
1307 634 1379 746 m

165 829 270 928 itam
292 829 384 928 rupe
406 823 525 919 enim,
544 841 722 917 metuens,
746 849 792 904 ne
811 827 857 905 de
880 828 1009 905 summa
1030 825 1116 907 setin
1131 797 1217 904 ’suae
1237 801 1371 908 autori-

163 944 240 1003 rate
269 922 403 1025 aliquid
522 921 702 1022 synodum
732 925 991 1012 detraheretur,
1023 926 1062 1001 in
1087 923 1241 1036 animum
1267 948 1374 1037 prae·¹

156 1021 356 1134 cipitauter
379 1018 417 1095 in
442 1036 520 1128 uuit
541 1040 620 1092 eam
641 1016 846 1112 dissolvere,
871 1041 910 1095 er
933 1018 1013 1133 post
1035 1042 1165 1097 aunum
1189 1022 1287 1131 riam
1312 1041 1368 1097 to·

158 1118 307 1295 iffi}
330 1113 1368 1381 pppqnpeeuutpuiepqnqhipppppuqquqqqppqqtmpq:

159 1309 318 1419 dericum
380 1304 521 1417 nitriae,
546 1306 687 1415 puceu,
713 1330 784 1404 quo
835 1309 971 1405 ynodur
996 1307 1124 1383 turbari
1146 1306 1277 1405 posset,
1301 1308 1364 1381 de·

155 1407 264 1507 nique
293 1428 331 1479 un
355 1404 477 1498 primts
504 1422 668 1475 unionem
695 1403 930 1493 Graecorum,
962 1404 1021 1503 qui
1053 1402 1214 1479 Bastlcam
1240 1405 1363 1478 venire

139 1518 234 1585 finon
261 1516 447 1599 poterant,
479 1514 517 1569 et
549 1498 737 1570 Bononiam
764 1500 949 1597 elegerant.
989 1499 1067 1572 Sed
1098 1499 1178 1573 vani
1204 1519 1302 1573 erant
1325 1497 1364 1574 hi

153 1602 382 1703 praetextus,
414 1616 433 1667 a
464 1592 620 1688 Juliano‚
647 1590 803 1668 Praelide
827 1616 865 1669 et
888 1594 1026 1687 Legato
1042 1647 1054 1684 ‚
1070 1617 1145 1668 nec
1169 1616 1239 1667 non
1265 1616 1284 1665 a
1306 1593 1361 1670 si·

155 1695 346 1798 gismundo
371 1692 598 1785 iaperatore,
630 1686 781 1761 dilucide
803 1707 842 1764 et
867 1688 975 1765 solide
997 1688 1155 1764 refutati.
1205 1688 1289 1764 Nec
1312 1680 1363 1765 illi

144 1810 316 1874 mutum,
346 1786 405 1859 sed
434 1802 472 1856 et
503 1783 621 1856 Clerua
651 1783 864 1876 Gallicanus,
895 1783 1035 1859 Avarici
1066 1785 1271 1881 Biturugum
1297 1809 1361 1857 co·

155 1887 273 1972 actua,
300 1879 364 1980 ipsr
380 1900 519 1977 quoque
533 1879 652 1951 Patren
667 1879 819 1976 synodi,
843 1880 971 1956 acriter
989 1881 1266 1970 contenderunt,
1295 1880 1359 1974 Sy·

153 1988 291 2065 nodum
315 1998 382 2051 nec
406 1973 476 2047 else
499 1971 763 2065 dissolvendam,
789 1998 855 2051 nec
869 1978 1134 2074 prorogandam.
1182 1977 1360 2049 Formavi't

179 2097 297 2173 unque
323 2069 501 2171 Synodue,
526 2064 668 2141 seffione
682 2067 829 2167 secunde
853 2091 890 2144 et
916 2074 1037 2154 terrio,
1061 2070 1264 2157 decretum,
1289 2093 1360 2166 quo

143 2104 366 2257 ¹declaravit,
398 2166 432 2238 se
456 2162 646 2259 legitimam
672 2164 742 2240 else
765 2165 942 2267 Synodunu
972 2163 1215 2255 universalem,
1239 2166 1359 2262 potes·

148 2290 264 2347 tarem
287 2282 421 2336 ¹autern
456 2262 501 2333 ab
535 2258 612 2356 ipso
643 2257 781 2334 Christo
811 2262 939 2334 habere
974 2257 1219 2351 inmediatam,
1252 2261 1360 2357 eique

151 2366 282 2463 Papam
313 2356 385 2432 esse
417 2353 624 2450 subierimus,
666 2354 821 2454 adeoque
851 2358 969 2430 abeo
999 2354 1158 2446 dissolvi,
1196 2375 1257 2431 aut
1288 2357 1359 2434 alio

149 2456 353 2543 transferri,
377 2474 448 2525 oon
474 2449 570 2546 posse
585 2448 754 2540 invium,
775 2460 841 2528 ‘eoa
855 2451 1023 2550 denique,
1049 2474 1094 2527 oe
1112 2471 1266 2549 excepto
1280 2458 1359 2552 qui·

149 2558 236 2635 dem
265 2553 381 2645 Papa,
413 2545 474 2643 qui
504 2566 628 2618 contra
651 2567 725 2620 eam
747 2546 877 2644 aliquid
904 2547 1137 2642 tentaverint,
1162 2547 1262 2647 gravi
1286 2551 1358 2626 effe

153 2647 372 2731 musitando·
393 2639 544 2716 censura
592 2642 672 2715 imo
694 2642 890 2739 Eugenium
914 2643 1113 2734 admonuit,
1139 2664 1178 2719 ut
1196 2664 1358 2742 praeten-

148 2750 224 2827 sam
245 2738 502 2819 dissolutionem
525 2734 663 2829 publice
685 2758 854 2830 revocet,
877 2756 915 2812 et
938 2739 1029 2814 intra
1053 2757 1122 2813 tres
1144 2738 1278 2815 menses
1301 2741 1357 2817 vel

146 2842 227 2943 ipse
248 2839 292 2915 ad
317 2834 496 2931 Synodum
524 2831 662 2922 veniat,
692 2834 751 2907 vel
775 2833 890 2908 mittat
913 2833 1066 2929 legatos,
1089 2855 1232 2928 gravem
1258 2856 1357 2909 cete·

142 2931 470 3108 turult
491 2925 1265 3098 tela·f0l¹ttlt„itlallst²t‘
1291 2930 1360 3030 ει·

145 3058 306 3209 ἓοιὲἀει
338 3123 408 3196 hoc
436 3076 596 3227 tempore
629 3139 788 3208 vacaret,
820 3119 857 3193 in
882 3121 1025 3215 synodo
1046 3106 1116 3193 'else
1145 3048 1357 3217 c’rearffl:

148 3221 351 3305 declararit.
398 3216 538 3312 Dugma
566 3222 698 3310 utaque,
730 3218 768 3289 io
795 3214 1029 3310 superioribus
1059 3215 1223 3310 conciliis,
1245 3216 1358 3297 sanci]-

139 3322 247 3410 tum,
270 3311 535 3397 corroboravit,
561 3330 598 3381 et
623 3329 828 3405 perpetuam
852 3309 981 3383 habere
1003 3308 1076 3397 yion
1102 3310 1357 3403 sancivisse·

266 3411 399 3488 scilicet
431 3403 591 3479 conciliis
622 3406 840 3498 generalibus
876 3402 946 3478 else
977 3404 1172 3493 obnoxium
1196 3400 1242 3482 iit
1263 3394 1356 3504 ild,

144 3534 238 3615 quae
264 3509 306 3581 ad
330 3504 450 3602 fidem,
484 3497 742 3597 exstirpationem
756 3498 963 3596 schismatis,
995 3517 1028 3573 er
1047 3502 1229 3595 generalem
1253 3526 1288 3578 re
1321 3514 1356 3580 ι’·

138 3609 318 3687 cretionem
343 3598 512 3696 spectant,
538 3597 694 3692 adeoque
719 3615 756 3669 et
782 3597 907 3691 Papam
925 3598 970 3668 ob
988 3595 1161 3691 hacrefip,
1186 3586 1259 3674 schl
1276 3624 1354 3694 rna,

138 3726 206 3783 et·
236 3708 339 3776 ravos
364 3715 496 3777 mores,
518 3689 665 3786 judicari
688 3714 731 3765 ac
752 3692 886 3773 deponi
904 3689 1062 3788 posse-ab
1077 3692 1249 3786 eiusmodi
1266 3716 1354 3771 con·

135 3800 261 3886 *cilium
292 3796 423 3891 quippe
456 3809 544 3886 quae
574 3785 760 3862 Ecclesiam
787 3786 1005 3863 Catholicarn
1032 3790 1291 3883 repraesentant
1315 3804 1355 3868 et

144 3891 388 3975 constituunt,
413 3908 479 3959 nec
502 3904 617 3956 errare
640 3882 803 3979 poliunr3
830 3882 881 3957 uti
906 3884 1045 3979 poliunt
1059 3887 1193 3979 Papae,
1217 3904 1256 3959 et
1276 3882 1355 3958 subi

141 3982 237 4071 inde
260 3996 464 4079 erraverunt
486 3978 613 4074 reapse.
664 3976 743 4080 Qua
765 3978 947 4067 occasione
973 3981 1053 4054 sunt
1071 3981 1199 4054 variae-
1215 3979 1354 4055 habitae

136 4076 528 4258 (aprluna-eliaca
555 4072 790 4252 Quibus>
814 4074 978 4178 tumulo
999 4072 1246 4174 ad-Sroodum
1271 4072 1364 4273 mig
