2976 4830
129 590 207 671 m
531 552 678 652 isfloria
702 551 831 655 Ectiefi
851 548 971 653 Christ.
1052 584 1056 589 ·

140 738 312 825 foeminis
344 734 532 835 quaedam,
568 731 622 806 sed
653 732 818 825 strislim,
850 732 931 808 sunt
964 730 1188 832 proferenda.
1244 735 1350 817 Gilia·

141 849 236 923 riou.
268 834 368 931 cujus
405 833 539 917 viram,
571 831 631 903 seu
665 831 867 927 legendam,
900 833 1095 929 composuit
1135 833 1350 931 Raymundur

141 942 189 1015 de
214 936 350 1020 Vinea,
383 931 586 1024 capuanus,
619 926 764 1000 Ordrnis
795 927 1075 1002 Praedicatorum
1105 926 1297 1027 Magister,
1319 952 1348 1002 ct

139 1028 354 1109 Catharinac
398 1021 698 1110 conseffionarius,
740 1020 777 1094 in
811 1024 910 1096 Auis
941 1023 1171 1112 Sanslorum,
1207 1046 1347 1125 quocun

141 1123 385 1207 ¹conserendus
416 1120 466 1194 est
499 1117 702 1191 Antoninus
731 1117 765 1189 in
787 1120 918 1216 susurra
951 1118 1123 1212 historica,
1150 1122 1347 1209 Catlrarint,

5 1304 8 1311 ,
144 1229 306 1321 inquam,
349 1216 417 1290 suit
447 1211 625 1305 Senensis,
657 1233 703 1286 cx
739 1212 883 1309 ignobili
912 1214 1042 1304 domo,
1078 1214 1186 1312 virgo
1217 1220 1347 1295 Ordinis

141 1316 242 1401 tertii
278 1310 526 1397 Donrinicani‚
552 1310 596 1382 de
619 1313 816 1404 poenitentia
842 1308 945 1399 dieti,
971 1309 1091 1385 multis
1124 1314 1241 1389 modis
1261 1314 1348 1393 fami·

145 1410 373 1516 geratillima‚
390 1429 453 1504 per
465 1407 610 1503 jadiatas
626 1406 878 1498 revelationes,
903 1404 1072 1497 exstases,
1098 1411 1347 1504 apparitiones,

143 1510 251 1595 etiarn
268 1503 416 1593 Christi,
442 1500 598 1591 Mariae,
618 1503 885 1599 Apostolorum,
904 1503 1118 1599 aliorumque
1135 1508 1347 1599 Sandomm,

143 1606 220 1689 imo
253 1626 317 1699 per
349 1600 640 1674 familiarissimum
679 1621 758 1671 curn
791 1596 925 1672 Christo
959 1602 1234 1693 commertium,
1264 1600 1348 1678 vario

145 1701 254 1782 modo
271 1696 557 1773 demonstratum.
605 1693 758 1769 Christus
775 1697 896 1790 utique
911 1716 987 1767 eam
1003 1694 1138 1786 fertur,
1164 1702 1211 1773 ad
1228 1698 1348 1775 Mariae

67 1880 72 1889 ,
146 1797 381 1900 petitionem,
407 1792 467 1865 srbi
494 1792 622 1865 solenni
646 1793 716 1864 ritu
741 1786 976 1886 desponsasse,
1001 1793 1132 1865 annulo
1155 1817 1267 1871 aureo
1284 1795 1348 1891 ejus

145 1898 267 1992 digito
295 1892 332 1964 in
359 1887 492 1962 visrone
515 1883 687 1979 inposrto,
713 1888 771 1981 qui
797 1885 831 1959 ei
859 1882 991 1981 semper
1012 1886 1187 1965 adbaesrt:
1215 1910 1349 1988 practer·

145 2016 211 2084 ea,
246 2012 325 2063 cum
359 2006 491 2057 novum
518 1979 715 2077 postulasset
756 2006 775 2054 a
800 1979 934 2056 Christo
957 2003 1040 2073 cor,
1065 1984 1142 2078 ipse
1165 1987 1203 2059 ei
1233 1988 1268 2063 se
1290 2006 1349 2061 mt-

146 2083 334 2171 nifcstans,
359 2083 470 2189 latere
497 2075 631 2186 sinistro
660 2098 807 2174 aperto,
832 2098 894 2150 cor
912 2100 1075 2188 carneum
1097 2078 1254 2175 sustulit,
1277 2082 1350 2159 ttin

148 2189 228 2280 ejus
259 2184 372 2255 lucum
399 2175 529 2251 indidit
551 2175 795 2262 rubicundum,
822 2172 916 2246 suum
942 2176 977 2245 rd
1001 2175 1070 2248 else
1098 2178 1302 2269 adfirmans,
1321 2194 1351 2251 tt

146 2281 188 2357 in
216 2278 290 2371 ejus
311 2274 548 2348 testimonium
576 2271 767 2364 relinquens
799 2268 997 2341 cicatricem
1020 2270 1058 2342 in
1083 2270 1226 2348 sinistro
1248 2270 1350 2349 latera

147 2373 257 2451 vidit
289 2392 448 2466 quoque,
475 2383 512 2438 ut
544 2386 733 2458 nugantur,
767 2365 939 2438 Clrrilium
969 2366 1183 2442 crucifixum
1210 2364 1351 2467 superse

148 2471 295 2563 ingente
325 2487 404 2535 cum
439 2459 568 2533 lumine
598 2460 827 2549 descendere,
853 2479 888 2535 et
923 2485 966 2534 ex
1001 2462 1158 2559 quinque
1180 2468 1344 2541 vulnerum

148 2566 223 2660 ejus
252 2555 474 2633 cicatricibus
494 2554 696 2648 sanguinem
724 2560 759 2628 in
787 2556 822 2628 se
847 2556 1021 2644 defluere,
1048 2579 1088 2630 ac
1114 2562 1158 2633 ad
1180 2582 1241 2635 cor
1259 2560 1346 2634 suurn

145 2674 345 2759 penetrare.
396 2649 555 2750 Qualium
586 2673 751 2748 nugarum
798 2653 986 2748 plenissima
1025 2651 1077 2726 est
1121 2656 1207 2731 hacc
1240 2656 1349 2755 legen·

149 2762 205 2835 da.
257 2755 298 2827 ln
342 2758 452 2827 carnis
493 2765 609 2821 autem
652 2748 925 2820 mortificatione
962 2749 1162 2844 praeripuit
1201 2760 1350 2829 omnibus

147 2854 320 2952 palmam,
345 2847 403 2922 sed
437 2864 473 2918 et
506 2843 565 2916 fibi
595 2844 731 2916 succum
756 2845 924 2934 vitalem,
951 2866 1030 2916 cum
1057 2842 1130 2938 ipsa
1154 2848 1251 2940 vita,
1272 2840 1349 2923 nior·¹

150 2972 210 3027 tna
235 2946 286 3020 est
315 2967 409 3018 anno
436 2941 558 3015 aetatis
585 2946 694 3037 33tio,
722 2962 751 3013 a.
783 2947 886 3034 1380.
936 2941 1141 3016 Maccravit
1164 2944 1262 3019 enim
1284 2966 1349 3019 cor·

151 3070 218 3142 pus
245 3039 384 3125 inedia,
408 3060 497 3131 pane
528 3057 569 3108 ac
600 3035 716 3110 crudis
746 3036 862 3109 herbis
893 3054 1027 3107 tantum
1051 3036 1129 3129 usa,
1164 3063 1246 3116 cnm
1278 3062 1348 3139 aqut

153 3136 302 3228 frigida,
327 3135 428 3228 saepe
457 3135 598 3227 longum
629 3152 766 3223 tempus
791 3132 968 3228 jejrmans,
1003 3133 1076 3204 solo
1109 3158 1204 3229 pane
1237 3146 1347 3213 eucbt·

151 3233 275 3310 rislico
307 3226 450 3314 vivens,
477 3230 559 3300 dein
593 3227 758 3321 Vigiliis,
783 3228 831 3301 ita
864 3248 901 3297 ur
935 3226 1024 3299 intra
1049 3228 1137 3302 duos
1163 3230 1238 3308 dics
1263 3230 1349 3307 dirui·

152 3331 248 3419 diam
283 3343 418 3398 tantum
451 3324 572 3397 horam
603 3321 789 3396 dormiret:
825 3344 889 3419 pro
918 3319 1023 3395 strato
1055 3324 1208 3401 habebat
1238 3331 1349 3411 tabulas

155 3425 307 3521 ligneas,
330 3440 487 3493 catenam
518 3436 633 3491 nutem
669 3419 813 3491 ferream
849 3420 921 3491 cuti
956 3416 1145 3493 inmediate
1172 3424 1346 3499 adhaereo·

155 3542 251 3611 sem,
284 3537 428 3614 eamque
461 3513 711 3607 stringentem,
736 3514 911 3609 gestabat,
945 3513 1074 3608 sibique
1102 3538 1227 3595 catena
1252 3520 1346 3596 ferrer

157 3611 352 3707 dsciplinas
385 3611 541 3705 quotidie
576 3608 697 3682 sevcre
730 3610 921 3693 inserebat,
947 3632 1050 3683 unam
1084 3616 1231 3707 prose,
1264 3618 1345 3693 alim

154 3735 224 3815 ,νο
255 3705 448 3789 defundis,
474 3704 613 3778 tertiam
644 3730 709 3800 pro
740 3705 842 3781 vivis.
890 3708 991 3781 Haec
1015 3705 1088 3779 talis
1113 3729 1183 3782 tam
1208 3713 1346 3803 devota,

156 3816 215 3887 vel
250 3800 502 3900 superstitiosa,
537 3799 692 3874 foemina
725 3804 875 3876 summae
908 3801 975 3876 suit
1009 3801 1294 3901 existimationis,
1316 3826 1346 3882 et

155 3897 374 3985 autoritatis,
406 3919 493 3993 quae
527 3896 706 3989 Gregorio
736 3901 798 3971 Xl.
832 3898 921 3971 sedis
944 3897 1196 3976 restitutionem
1222 3906 1346 3985 Romae

155 3995 339 4105 persuasst,
364 3993 535 4094 ejusque,
549 4010 588 4067 et
614 3992 747 4072 Urbani
765 3994 853 4090 Vl.,
879 3994 998 4072 sunna
1023 3992 1076 4070 est
1101 3996 1353 4097 legationibus·

1316 4106 1351 4167 ut

24 4140 232 4492 α
