3022 4806
647 115 755 191 Serui.
782 116 859 196 XV.
1298 148 1369 217 491

141 295 400 374 Guiccardinus
425 295 505 375 hist.
532 299 553 374 l.
579 301 606 374 1.
640 301 769 391 refert,
798 324 899 393 eum,
923 317 1002 373 cum
1016 299 1198 398 filiorsuns
1215 302 1366 376 ardenter

142 413 292 485 amaret,
320 401 460 469 enniani
486 396 681 500 antrficunr
708 401 870 493 prinum,
902 400 975 492 qai,
1006 399 1095 493 sune
1126 395 1288 492 infamiae
1319 416 1363 473 ea

132 508 234 586 parte
265 495 422 567 velandae
454 492 556 589 eausa
571 494 605 583 ,²
622 511 750 591 nepotes
788 516 842 568 eur
872 491 1035 591 adpellare
1060 493 1234 592 silebatur,
1266 494 1361 592 filine

139 589 337 686 adpelleffe,
364 605 395 663 et
419 593 541 663 tendis
564 594 754 665 mortalibus
778 607 940 686 tanquan·
950 589 1046 683 filies
1069 586 1250 689 enienluffe.
1284 591 1360 665 De·

140 682 230 758 inde
254 689 313 760 lib.
340 687 388 761 Π.
413 682 522 776 dicit,
555 710 714 782 nunqnam
729 682 845 781 sorte,
873 682 947 782 pest
970 687 1130 760 leontinum
1154 686 1360 781 menonem,

139 781 353 856 deterioribus
383 784 511 854 delibus
526 781 632 879 fuiffe
656 784 888 877 Pontificatum
911 781 1193 878 administrarent,
1219 783 1362 878 nihilque

141 882 384 972 numinianum
415 877 497 972 effi,
529 881 609 972 quod
638 880 672 950 in
704 884 776 976 ejus
801 879 970 971 Pontificit
983 877 1124 972 scelesta
1147 894 1268 952 nutura
1297 902 1359 953 nnn

128 970 245 1065 facile
281 976 476 1048 crederetur.
524 973 692 1071 Denique
722 975 827 1071 ipsius
858 973 964 1048 funus
998 995 1160 1048 enarrans
1191 975 1250 1048 lib.
1287 975 1356 1053 VI.

141 1067 311 1155 testatur,
338 1066 531 1142 universam
562 1070 713 1143 Romam
737 1092 819 1142 cum
843 1066 1039 1143 incredibili
1061 1069 1194 1144 laetitia
1210 1092 1361 1148 concur·

140 1165 245 1251 risle,
278 1165 340 1237 vix
372 1165 493 1237 oculos
523 1163 703 1257 satiantem
729 1165 894 1260 adspectu
918 1165 1084 1261 serpentis
1109 1168 1278 1260 rellinili,
1305 1168 1361 1264 qui

141 1263 319 1334 ambitione
345 1262 562 1351 inmoderata,
586 1262 723 1356 perfidia
747 1261 926 1356 pestifera,
951 1263 1083 1333 libidine
1102 1259 1274 1358 monstrosa
1291 1286 1361 1339 etc.

141 1374 247 1431 torum
278 1360 518 1431 intexitererer
547 1361 706 1431 mundun.
753 1360 864 1433 Hune
892 1357 1006 1452 ipsum
1034 1379 1150 1433 tamen
1176 1356 1360 1432 hominem

141 1450 345 1541 scelestum,
370 1452 487 1542 addit,
519 1456 562 1531 ab
585 1457 715 1527 ineunte
738 1471 849 1528 aetate
873 1457 917 1527 ad
944 1468 1124 1527 extremum
1148 1454 1242 1546 nsque
1265 1455 1361 1526 vitae

141 1551 246 1636 diem,
277 1546 454 1645 singulari,
486 1570 528 1621 ac
555 1571 648 1645 pene
674 1567 862 1645 perpetua,
887 1548 1043 1642 gavisum
1071 1550 1141 1623 elle
1166 1544 1358 1639 felicitate,

142 1642 332 1721 manifesto
356 1640 506 1728 indicio,
541 1663 580 1717 ut
610 1644 686 1740 ipse
710 1647 890 1730 observat,
916 1665 1011 1736 quern
1034 1647 1117 1717 male
1139 1644 1279 1716 intniner
1298 1647 1360 1740 ju·

139 1743 274 1828 dicent,
304 1743 377 1835 qui,
411 1742 561 1834 quicquid
588 1739 781 1813 maritalibus
806 1736 1001 1831 nelfeusli,
1029 1740 1081 1812 rel
1101 1736 1245 1830 adrerst,
1270 1744 1360 1812 aeti·

141 1839 216 1926 dit,
238 1858 283 1908 ear
305 1841 382 1908 lrene
405 1837 528 1908 retulere
538 1834 706 1927 saliorum
732 1833 839 1927 eanſsr
863 1856 997 1907 manare
1020 1837 1130 1931 ajunt.
1174 1836 1360 1912 Praeterea

142 1930 236 2019 fuit,
259 1928 345 2003 teste
371 1928 577 2039 Onuplnrio,
603 1931 773 2026 perfidiae
790 1932 966 2026 plusquam
982 1930 1153 2020 Punicae,
1178 1929 1362 2028 superbiae·

143 2027 184 2102 in
209 2026 327 2124 Regee
349 2043 387 2099 et
412 2025 592 2122 Principes
616 2026 873 2118 intolerandae,
897 2028 1063 2105 saevitiae
1085 2028 1245 2105 inmania.
1276 2027 1361 2125 Nog

140 2139 222 2200 tum
244 2125 290 2197 de
311 2143 357 2197 eo
382 2120 434 2196 est
456 2120 528 2197 hoc
551 2117 726 2197 distichon

243 2315 366 2390 Sextus
393 2308 608 2406 Tarquinius,
633 2313 756 2387 Serene
779 2296 887 2402 Nero,
911 2316 1033 2390 Sernes
1056 2332 1090 2389 et
1112 2314 1193 2413 isle,

270 2411 414 2504 Semper·
422 2411 499 2502 sub<
515 2411 628 2484 Sealir
651 2408 917 2505 perdita-Roma
931 2411 1022 2507 fuit.

145 2624 215 2682 nec
239 2621 309 2675 non
332 2599 378 2676 de
400 2595 555 2676 simonia
579 2598 673 2697 ejue‚
705 2615 743 2677 et
756 2597 939 2690 avaritia3

243 2793 365 2869 Vendit
386 2792 574 2870 Alexander
600 2794 731 2886 elever,
757 2794 901 2884 alteria,
927 2790 1111 2889 cinisium,
1205 2785 1208 2789 ’
1353 2736 1362 2837 J

275 2892 414 2967 Emerui
435 2890 489 2964 ille
511 2890 627 2986 prius,
659 2894 794 2967 rendere
811 2893 890 2991 jure
907 2893 1061 2990 peresa
1240 2914 1255 2924 -
1359 2900 1363 2905 ·

151 3084 317 3163 Pellimur
334 3080 502 3158 ¹filiorum
524 3081 608 3179 ejus
639 3078 704 3156 fuit
737 3079 861 3180 Caesar
895 3082 1040 3181 Borgie',
1073 3073 1109 3152 in
1142 3102 1245 3180 quem
1269 3087 1364 3187 Papi

149 3182 350 3268 metantes,
375 3202 422 3254 ex
447 3177 674 3273 indulgentiis
698 3196 736 3253 et
758 3177 918 3278 Jubileeo
939 3172 1143 3275 congestos,
1175 3178 1365 3279 profudit,

151 3278 258 3354 unde·
279 3274 419 3351 diuersi
450 3277 532 3350 loco
561 3273 681 3348 dixisse
712 3273 828 3348 fertur
856 3274 995 3365 Caesar,
1026 3273 1264 3371 sedilepidirre
1285 3272 1365 3375 pec-²

151 3390 232 3465 teta
254 3373 497 3447 Germanorum.
548 3369 629 3443 Fuit
652 3371 747 3445 enim
769 3367 835 3445 iste
858 3369 1023 3469 bipedum
1042 3373 1282 3469 nequiffimue,
1306 3366 1368 3461 ‹ui-f

153 3467 246 3542 viui
263 3488 303 3544 et
323 3469 465 3544 humani
487 3463 574 3561 juris
596 3467 842 3563 proculcator,
868 3467 966 3544 omni
991 3465 1175 3545 libidinum
1198 3468 1366 3564 etsceleq

154 3584 236 3645 rum
263 3559 583 3666 generenam,
611 3561 738 3668 disum
759 3561 893 3662 imque,
923 3580 1027 3672 quem
1047 3559 1369 3645 ‘ammirandae
1472 3621 1475 3627 -

696 3656 844 3766 <inan
1166 3661 1372 3767 eremum
1411 3668 1479 4072 Ι
