3022 4806
133 574 202 645 ut
523 518 818 643 ramaneant
848 549 960 646 carp.

133 731 286 829 petbus,
311 726 394 802 Dua
419 725 580 800 Brvariae
596 746 634 801 et
659 727 854 814 Saxoniae,
878 750 988 823 gener
1010 727 1193 820 Lotharii,
1218 752 1347 832 accep·

136 825 183 901 tir
210 851 229 899 a
261 824 384 898 socero
408 820 538 919 inperii
571 820 782 917 infirmibus,
822 818 917 896 simul
980 823 1115 900 otentia
1141 824 1197 900 sua
1214 825 1348 923 fretur,

134 920 337 1018 inperialem
363 915 424 992 fibi
447 913 653 1015 promiserat
673 939 864 1005 coronam,
905 846 976 992 seri²
987 943 1065 995 eam
1096 942 1167 996 non
1191 920 1351 1020 inpetra-

135 1017 212 1091 vit:
254 1038 334 1090 cum
358 1011 533 1109 Principes
558 1012 775 1103 Conradum,
813 1010 926 1087 filium
957 1013 1155 1105 Frederici,
1192 1019 1351 1097 Sueviae

135 1111 270 1202 Ducis,
295 1129 332 1182 et
355 1105 480 1181 sororis
504 1106 657 1183 Henrici
680 1109 773 1196 1V.,
809 1105 990 1203 elegerint.
1041 1113 1146 1187 Unde
1171 1111 1350 1195 funestum

137 1205 189 1284 est
224 1204 347 1282 bellum
384 1220 497 1276 ortum
530 1201 625 1276 inter
656 1202 855 1277 Conradum
891 1221 931 1278 et
970 1204 1168 1282 Henricum
1211 1207 1353 1304 primo,

138 1301 240 1390 dein,
266 1298 425 1373 chrico
445 1315 607 1387 mortuo,
635 1295 822 1388 Guelfum‚
845 1295 990 1374 fratrem
1006 1303 1101 1398 eJ'ur,
1125 1303 1352 1402 aRogerio,

138 1396 274 1473 Siciliae
307 1393 428 1490 Rege,
461 1390 643 1489 adjutum,
683 1391 803 1466 sedin
837 1392 1030 1490 perniciem
1065 1396 1194 1476 Guelfi.
1245 1399 1352 1503 Quae
1385 1414 1390 1420 ’

140 1490 361 1567 concertatio
395 1486 489 1560 inter
514 1486 665 1562 Conradi
690 1485 919 1578 succefforer,
954 1509 993 1566 et
1015 1492 1180 1569 Bavariae
1203 1495 1349 1592 Duces,

137 1587 303 1681 deinceps
325 1581 556 1659 continuavit.
604 1583 703 1685 Quae
730 1583 925 1658 bellacum
953 1587 1089 1663 ltaliam
1113 1588 1348 1687 adfligerent,

138 1681 244 1756 Siculi
268 1703 355 1753 vero
378 1701 459 1752 cum
487 1674 588 1775 Papia
611 1678 840 1753 adhaererent
865 1680 1031 1756 Bavariae
1062 1683 1237 1775 Ducibus,
1268 1688 1351 1764 reli·

139 1850 143 1859 ,
165 1777 200 1850 ui
224 1780 463 1872 Inperatorum
488 1791 604 1868 parter
631 1770 875 1871 sequerentur,
914 1775 1074 1855 transsata
1105 1778 1182 1853 sunt
1201 1783 1351 1863 nomina

138 1802 197 1951 ita
233 1872 275 1946 ad
309 1868 478 1944 factiones
504 1869 671 1962 Paparnm
697 1885 736 1942 et
761 1869 1015 1964 Inperatorum.
1072 1872 1233 1951 Nomina
1260 1902 1355 1956 vero

140 1967 380 2062 Guelphorum
397 1984 432 2034 et
450 1961 726 2051 Gibeliinorum,
744 1961 931 2039 secundum
949 1968 1120 2043 Ottonem
1137 1971 1351 2070 frisingam.

144 2067 188 2139 de
201 2061 300 2160 gestis
319 2060 479 2134 Frederr‘cr'
502 2055 559 2132 lib.
585 2059 655 2151 ΙΙ.,
687 2056 768 2132 inde
788 2059 982 2173 habuerunt
1006 2064 1200 2155 originem,
1232 2071 1350 2168 qnod,

140 2151 1038 2344 tzrrsdtidrrtttbrrfflfzdtt‘ftrd:
1056 2157 1240 2346 {zarda
1262 2168 1356 2337 “dd

137 2351 348 2421 Henricorum
379 2348 415 2416 de
442 2346 655 2438 Guibeliaga,
687 2348 794 2415 altera
822 2343 1030 2436 Guelpdorum
1054 2351 1091 2420 dt
1113 2351 1274 2450 Aroma,
1298 2359 1354 2430 ai·

137 2461 209 2516 trra
233 2442 461 2532 Imperatores,
486 2440 592 2510 altera
609 2459 741 2529 magnos
760 2437 891 2525 Duces,
912 2443 1082 2532 producere
1088 2443 1207 2538 solrta.
1254 2452 1352 2528 Con·

136 2538 238 2610 radus
262 2555 347 2602 vero
373 2533 574 2623 Inperaror,
598 2531 837 2605 Henricorum
863 2534 1052 2623 successor,
1080 2542 1355 2638 cognominatur

138 2627 190 2703 est
213 2627 256 2699 de
281 2626 548 2720 Weibedingcn,
575 2623 694 2699 uelde
719 2626 943 2724 Guibclinga,
976 2629 1081 2706 frater
1106 2656 1191 2709 vern
1215 2639 1354 2717 Hemi-

137 2723 195 2806 εἰ,
235 2719 398 2795 Bavariae
422 2721 526 2809 Dux,
553 2719 661 2794 didius
691 2719 741 2794 est
767 2721 945 2817 Gulphus,
979 2724 1050 2799 ssve
1076 2728 1262 2824 Guelpho,
1293 2737 1355 2812 vei

135 2817 307 2913 Welpho.
355 2814 486 2890 Audita
512 2817 586 2889 sunt
613 2818 650 2890 in
671 2816 793 2912 primis
818 2819 905 2891 hacc
930 2818 1101 2896 factionis
1125 2827 1266 2903 nomina
1287 2828 1354 2908 sub

137 2912 329 3080 ‚fregerim
355 2914 423 3004 11.,
455 2911 513 3009 qui
537 2931 658 3003 natus,
694 2914 751 2986 vei
767 2912 951 3004 educatus,
976 2914 1089 2991 fuerat
1113 2917 1353 3025 Guibelingae

136 3029 176 3083 rn
226 3028 337 3081 uevta.

431 3194 752 3272 PROPAGATIO
781 3195 1052 3274 ECCLESIAE.

160 3378 215 3492 ς.
241 3380 440 3460 cxxxlrt.
480 3388 621 3463 Praeter
638 3382 754 3460 fictam
779 3383 816 3458 et
840 3386 1129 3487 superstitiosam,
1154 3418 1220 3493 per
1242 3419 1357 3495 expe·

136 3471 286 3551 dationes
311 3479 506 3572 Cruciatur,
545 3504 626 3557 cum
652 3480 792 3569 verior,
825 3483 942 3560 saltem
975 3509 1021 3560 eo
1045 3491 1190 3566 nomine
1214 3498 1357 3594 majore

135 3591 215 3667 eum
235 3569 352 3666 specie
376 3573 537 3670 dignior,
561 3576 789 3689 propagatio,
814 3579 852 3652 in
877 3581 1083 3676 populorum
1104 3591 1357 3670 nonnullorum

136 3661 368 3743 conversione
383 3671 425 3740 ad
446 3671 696 3749 Christianismi
711 3670 974 3770 profeffionem,
1001 3698 1039 3751 ut
1056 3681 1356 3780 Pomeranorum‚

134 3758 330 3845 livonum,
363 3759 637 3858 Norvegorum‚
675 3788 712 3843 et
734 3764 999 3861 Finlandomm,
1032 3772 1114 3858 fita,
1149 3780 1357 3866 obtinuerit

133 3854 202 3933 hot
234 3851 370 3943 seculo,
410 3859 487 3950 ejus
514 3856 658 3936 historia
679 3850 939 4030 praemittenda
973 3865 1033 3942 est.
1085 3872 1281 3952 anrrant'a
1314 3897 1357 3953 et

129 3949 302 4044 leutitia,
336 3971 442 4048 quae,
484 3971 525 4029 ut
547 3953 633 4054 Pagi
657 3977 677 4030 a
724 3958 847 4035 Baron.
872 3983 903 4038 a.
934 3971 1040 4044 1128.
1065 3965 1163 4042 recte
1187 3975 1361 4050 observa.

1277 4069 1363 4170 nit,
