3022 4806
647 585 754 663 Sectis.
781 583 870 661 xii.
1322 610 1370 685 75

161 777 280 856 copum
305 761 579 855 Eboracensem,
606 781 768 863 tanquam
792 760 972 862 illegitime
998 757 1166 850 eledium,
1192 761 1271 859 quia
1287 766 1363 840 Ste-

156 857 303 952 phanus,
329 862 480 957 Angsiue
507 883 590 951 rex,
626 887 708 936 euin
740 885 821 936 ante
852 858 1062 934 electionem
1095 860 1358 955 nominaverat,

155 955 333 1047 deposuit,
375 959 443 1030 aiio
474 956 508 1030 ei
540 955 698 1034 suffecto.
748 982 782 1052 3.
809 953 1023 1030 Trevirense
1055 954 1179 1027 habito
1203 960 1358 1034 concisio

156 1069 182 1121 n
209 1062 316 1138 1148.
344 1050 475 1147 scripta
500 1054 534 1126 S.
559 1053 804 1151 Hildegardis,
830 1074 916 1148 quae
933 1045 1177 1124 monisterium
1193 1054 1234 1123 ad
1259 1054 1358 1127 Rhe·

150 1162 228 1216 uum
254 1168 369 1241 prope
392 1148 617 1243 Mogontiam
651 1149 907 1236 construxerat,
954 1145 1123 1219 visionum
1156 1166 1195 1218 et
1219 1151 1355 1223 revela·

152 1246 286 1313 tionum
316 1246 438 1337 plena,
478 1246 706 1338 adprobavit,
737 1242 884 1318 licentia
915 1241 948 1314 ei
976 1266 1135 1338 quoquc,
1171 1243 1358 1318 autoritate

149 1333 374 1431 Apostolica,
396 1341 499 1428 data,
524 1340 753 1436 proferendi,
777 1360 1002 1435 quaecunque
1019 1337 1081 1410 sibi
1098 1358 1162 1434 pet
1180 1340 1351 1435 Spiritum

148 1435 359 1528 cognoverit
384 1437 555 1526 revelata,
580 1457 619 1509 ut
643 1459 687 1510 ex
711 1435 836 1509 litteris
861 1432 1012 1528 Eugenii
1035 1433 1075 1505 ad
1105 1456 1204 1523 cam,
1236 1435 1272 1507 in
1300 1456 1354 1508 to·

148 1550 209 1599 mis
235 1529 502 1622 Conciliorum,
523 1532 676 1621 constat,
701 1552 738 1605 et
766 1529 986 1603 Trithemius
1008 1530 1044 1601 in
1068 1530 1244 1604 Chronico
1269 1531 1354 1605 Hir·

146 1619 314 1718 saiigiensi
336 1647 473 1722 quoque
496 1627 614 1702 refert.
667 1630 725 1702 De
753 1624 959 1722 Hildegardi
990 1624 1199 1719 supradixi.
1263 1625 1266 1630 ’

189 1719 221 1817 s.
247 1720 364 1797 LXV.
396 1743 429 1811 4
460 1723 500 1794 In
528 1721 682 1803 concisio
705 1721 924 1813 Rhemense‚
951 1720 1077 1795 eodem
1100 1741 1192 1790 anno
1215 1722 1258 1796 ab
1273 1719 1333 1819 ips

147 1819 341 1904 celebrato,
367 1819 459 1911 quod
487 1820 528 1890 ab
561 1823 700 1892 (ittone
733 1816 961 1912 Frisingense‚
989 1834 1025 1887 et
1056 1812 1147 1903 asiis,
1178 1816 1352 1893 Generale

146 1915 285 2009 quidem
309 1913 520 2007 adpellatur,
556 1915 612 1988 sed
640 1913 885 2009 cisalpinarum
913 1929 1047 1985 tantuin
1080 1908 1147 1983 fuit
1183 1911 1355 1988 Ecclesia·

144 2030 239 2094 rum,
265 2005 352 2079 sicet
379 2029 424 2082 eir
448 2009 618 2104 Hispania
645 2032 681 2082 et
704 2009 830 2105 Anglia
879 2009 992 2079 uidam
1021 2005 1216 2094 adfuerint,
1248 2010 1349 2083 otto·

147 2103 257 2177 decim
290 2102 431 2175 conditi
466 2103 543 2177 sunt
576 2127 748 2190 canones,
773 2106 813 2177 ad
849 2033 1078 2197 ssisciplinam
1110 2103 1351 2196 pertinentes,

118 2198 266 2293 ¹quibus
298 2198 346 2270 de
379 2197 592 2274 Cieiicorum
625 2198 849 2287 continentia
881 2217 918 2268 et
948 2194 1111 2268 modestia
1145 2196 1178 2267 iii
1211 2201 1349 2281 tonsura

147 2316 184 2366 et
205 2290 335 2367 vestitu
360 2291 523 2369 statutum
545 2294 619 2384 est,
642 2292 907 2368 contumacibus
932 2288 1076 2364 decreta
1100 2289 1351 2372 beneficiorum

172 2386 369 2478 rivatione,
401 2410 438 2462 et
464 2388 671 2488 Episcopii,
703 2389 763 2484 qui
788 2387 880 2461 hanc
901 2409 1054 2484 poenam
1080 2384 1163 2481 ipsis
1194 2409 1267 2464 nori
1295 2389 1352 2466 in·

145 2411 324 2573 inerint,
348 2486 591 2583 depositione,
617 2489 672 2561 ves
701 2482 928 2580 suspensione.
980 2480 1074 2557 Dein
1108 2483 1255 2573 Endon,
1281 2485 1338 2560 vei

142 2580 233 2668 Eun,
253 2580 473 2668 haereticus,
498 2583 627 2672 dequo
643 2579 783 2677 postea,
807 2579 1005 2665 damnatus,
1029 2596 1068 2650 et
1084 2577 1213 2651 carceri
1243 2603 1338 2654 man·

102 2746 105 2752 .
140 2678 294 2773 cipatus,
321 2672 382 2750 est.
431 2675 623 2772 Denique,
647 2674 827 2752 Porretani
858 2673 957 2749 causa
986 2670 1160 2762 discussa,
1200 2696 1350 2769 quatuor

137 2791 260 2847 contra
282 2766 396 2866 ipsum
423 2773 502 2845 sunt
525 2772 658 2849 sancita
689 2771 861 2868 capitula,
895 2768 1037 2843 nomine
1071 2770 1213 2864 Symbola·
1243 2771 1349 2869 infig-

138 2870 229 2959 uitr,
255 2865 349 2961 quod
372 2891 392 2941 a
414 2867 592 2941 Bernardo
614 2866 867 2964 compositum,
891 2884 929 2937 et
954 2887 973 2938 a
996 2865 1142 2970 synodo
1160 2866 1349 2941 confirma·
1478 2917 1480 2920 -

137 2984 229 3054 tuin,
256 2960 329 3048 est,
362 2960 398 3035 iii
449 2985 495 3036 uo
517 2960 590 3057 ipse
615 2965 819 3037 Porretanus
846 2961 956 3033 sertui
983 2956 1214 3052 acquievisse,
1238 2963 1349 3037 etab-

138 3061 269 3136 soiutus
295 3055 425 3131 disccffi
456 3081 487 3134 e.
524 3055 630 3148 Vid.,
656 3079 793 3152 praeter
817 3056 989 3130 Ottonem
1003 3052 1274 3149 Frisingensem‚
1309 3078 1348 3149 et

137 3151 340 3231 Goffridum
374 3156 410 3227 in
441 3151 517 3228 vita
547 3153 733 3243 Bernardi,
768 3149 913 3248 epistola
952 3144 1133 3239 Gausridi,
1175 3150 1349 3229 Monachi

136 3246 392 3340 cisterciensis,
426 3250 485 3344 qui
510 3249 655 3345 syuodo
681 3246 866 3333 interfuit,
890 3243 933 3318 ad
965 3245 1165 3319 Albericum
1199 3248 1345 3345 Episco-

138 3369 218 3443 pum
242 3345 497 3431 Albanensem,
521 3345 559 3417 in
587 3342 692 3418 tomis
717 3340 965 3419 Conciliorom.
1015 3363 1050 3429 5.
1072 3340 1239 3437 ¹Denique
1263 3367 1349 3422 con·
1388 3383 1394 3393 ·

137 3439 254 3517 cordia
269 3463 350 3513 cum
371 3439 556 3513 Frederico
583 3438 801 3526 Barbarossa,
827 3434 978 3533 Conradi
1004 3434 1214 3527 successore,
1247 3439 1352 3532 inita,

139 3558 179 3611 m
199 3536 262 3612 sub
293 3534 524 3625 conditione,
550 3557 605 3611 ‚ut
626 3534 715 3632 ipse
736 3530 924 3608 Ecclesiam
954 3532 1171 3622 Romanam,
1211 3534 1354 3635 ejusque

137 3633 211 3730 juia
236 3649 274 3703 et
298 3633 411 3721 bona,
438 3629 663 3719 defenderet,
691 3647 728 3704 et
752 3632 798 3703 Pa
867 3625 931 3720 ipsi
948 3649 1114 3703 coronam
1134 3629 1232 3705 daret
1248 3632 1353 3731 supe·

139 3730 278 3817 ritlem,
324 3726 413 3801 teste
448 3728 586 3802 Ottone
610 3712 791 3823 Fiisingen
807 3748 848 3815 e,
880 3723 979 3797 brevi
1001 3724 1079 3835 post
1113 3726 1250 3803 turbata
1283 3727 1355 3827 est,

141 3820 320 3900 occasione
340 3821 574 3909 Guicmanni,
603 3816 984 3919 CiccensinEpiscopi,
1010 3845 1047 3894 in
1066 3818 1179 3895 sedem
1197 3823 1265 3899 Mo
1294 3847 1356 3899 un·

143 3919 245 3996 tinam
280 3915 438 3993 transsati
470 3938 532 4013 per
566 3918 810 4006 Fredericum,
843 3915 904 3990 ciii
928 3914 1128 4007 nectores,
1152 3916 1267 4004 inele
1306 3919 1358 3999 io·

146 4035 188 4099 ne
208 4012 472 4113 dissentientes,
495 4035 573 4091 tem
596 4036 671 4111 eam
694 4011 1002 4118 detulerant-,ciiii
1017 4011 1184 4123 *etiamn
1211 4010 1273 4085 asia
1289 4012 1364 4186 egos

718 4100 755 4188 K
777 4129 800 4188 2
1227 4107 1301 4187 ccse
1329 4126 1371 4184 ae
