3022 4806
122 640 203 722 ῳ
513 616 661 716 Historia
685 613 812 716 Eccles.
837 613 954 712 Clariss.

134 804 242 897 saepe
260 797 366 873 etiam
385 811 591 883 revocatae,
618 813 655 867 et
672 793 825 884 vetitae,
850 817 934 869 com
952 795 1060 869 multa
1073 788 1157 867 hinc
1179 788 1366 864 orirentur

134 898 377 977 incommoda.
429 892 533 965 llaec
549 911 666 964 autern
688 891 941 966 beneficiorum
958 889 1201 978 coacervatio,
1225 906 1267 957 et
1285 884 1362 954 col·

136 993 249 1079 ‘lati0,
277 994 337 1062 sub
358 988 460 1060 titulo
483 988 702 1074 commendat,
729 988 786 1060 vel
806 1010 931 1076 curae,
956 1007 1016 1062 aut
1033 983 1364 1065 adminffimiomt,

138 1095 337 1175 promen'et
361 1081 587 1174 conspertum
613 1081 736 1157 habuit
752 1084 957 1179 polygamiae
981 1082 1182 1179 spiritualia.
1232 1075 1364 1184 ΜΨ

140 1181 301 1259 aildidlio
323 1179 547 1273 competebat
579 1179 763 1276 Episcopit
792 1181 832 1253 'tn
858 1178 1039 1266 clericor,
1072 1197 1142 1251 tam
1167 1171 1210 1247 iu
1241 1192 1361 1243 mamr-

148 1279 303 1362 ualibua,
323 1296 424 1368 quam
441 1270 628 1361 civilibus,
647 1273 774 1369 causta,
790 1275 885 1351 nullo
901 1274 1024 1348 relidlo
1046 1274 1130 1346 loto
1151 1268 1293 1369 judicio
1314 1264 1365 1338 se·

137 1370 275 1457 ¹colari:
296 1368 381 1441 ficut
398 1370 531 1442 multae
547 1370 736 1462 Paparum,
754 1390 792 1444 et
810 1370 1068 1457 Conciliorum,
1089 1371 1265 1442 evincunt
1279 1382 1362 1433 con·

143 1466 355 1543 stitutionea.
407 1462 475 1537 Sed
503 1464 616 1560 viguit
638 1465 707 1539 hac
731 1466 833 1561 super
865 1489 903 1538 re
927 1464 1135 1560 disceptatio
1166 1466 1265 1537 inter
1287 1459 1362 1562 Cle·

142 1561 237 1643 ticos
254 1577 290 1633 et
306 1557 431 1634 Laicos
448 1559 599 1648 Galliae,
625 1583 770 1654 quorum
790 1559 828 1633 hi
847 1561 1128 1648 contenderunt,
1151 1556 1251 1632 casua
1264 1558 1368 1648 quol-

146 1657 226 1730 dam
249 1653 321 1730 effe
345 1654 597 1750 excipiendos,
618 1655 802 1752 inquibus
822 1655 1039 1730 clericorum
1060 1655 1234 1747 judicium
1256 1657 1298 1721 ad
1317 1648 1368 1718 se·

150 1755 285 1831 cularea
310 1751 534 1845 pertinebat,
560 1747 611 1823 'uti
635 1775 667 1824 a.
695 1749 905 1827 incrimine
928 1751 1064 1825 forda.
1091 1752 1129 1825 in
1152 1747 1372 1823 clericorum

148 1847 419 1942 conjugatorum
452 1843 587 1919 delictis
618 1868 647 1918 c.
682 1845 708 1918 fi
742 1845 868 1919 Clerici
903 1847 974 1920 fine
1006 1848 1146 1921 tonsura
1182 1862 1225 1917 et
1266 1838 1365 1911 veste

147 1941 302 2021 clericali
329 1938 437 2012 essent
459 1937 497 2012 in
524 1938 674 2013 crimine
697 1939 902 2037 deprehensi
926 1944 959 2013 d.
989 1939 1012 2014 sr
1036 1946 1080 2016 de
1100 1942 1258 2053 ipsorum
1278 1956 1361 2008 con-

58 2060 64 2068 '
147 2037 291 2137 jugibus
307 2052 468 2142 ageretur
483 2056 509 2106 e.
523 2035 725 2111 Clericorin
744 2037 847 2110 tertia
862 2037 1034 2115 Beronum
1052 2061 1091 2112 ca
1119 2062 1130 2112 1
1161 2057 1236 2109 non
1256 2029 1364 2127 polle.

150 2064 1364 2229 EcclessastrcorumcaulamegitPetruaBertrandi,Aidueustssspis-

150 2255 282 2326 copus,
309 2227 508 2301 secularium
528 2251 615 2303 vero
633 2230 754 2303 Petrus
777 2229 822 2302 de
840 2229 1041 2323 Cugnerus,
1066 2228 1189 2326 ragina
1210 2225 1361 2330 advoca·

153 2347 210 2399 tus
237 2349 268 2397 a.
297 2345 402 2416 1329.
453 2325 674 2396 Extendebat
698 2323 769 2394 sese
791 2344 970 2417 praeterea
990 2324 1248 2421 Episcoporutn
1260 2320 1364 2415 jutra-

155 2417 268 2492 dillio
293 2421 334 2488 ad
361 2417 538 2488 nonnullas
561 2418 675 2490 causas
700 2419 907 2506 Laicorum3
933 2421 1021 2495 adeo
1044 2442 1083 2493 ut
1104 2419 1145 2493 ad
1162 2420 1279 2493 sorum
1295 2416 1364 2487 Eo

152 2507 381 2587 clesrasticom
401 2509 528 2581 trallae
552 2509 635 2593 smt,
661 2535 799 2607 praeter
816 2515 935 2588 usurae
952 2518 1108 2606 crimen,
1136 2535 1174 2588 et
1199 2509 1361 2588 adulteri·

156 2629 238 2694 um,
266 2611 384 2677 causae
399 2603 603 2690 Nobilium,
627 2609 766 2681 ratione
780 2610 987 2704 juramenti,
1015 2612 1120 2699 fidei,
1146 2605 1368 2698 testamenti,

150 2701 390 2788 ,matrimonii5
417 2698 475 2771 sed
501 2720 536 2770 et
559 2702 645 2773 aliae
668 2727 713 2775 eo
740 2704 870 2778 deferri
894 2725 1078 2800 poterant,
1102 2724 1140 2779 ut
1167 2702 1364 2799 sacrilegia,

154 2801 280 2876 causae
298 2797 495 2884 viduorum,
520 2814 557 2866 et
574 2797 650 2872 alia.
686 2799 798 2892 Saepe
814 2817 930 2872 tamen
956 2801 1123 2877 seculares
1141 2801 1176 2874 se
1192 2801 1364 2897 opposite·

158 2917 260 2982 runt,
294 2890 471 2987 variasque
497 2892 612 2966 causat
633 2890 676 2966 ad
700 2893 735 2965 se
763 2914 962 2970 traxerunt:
994 2897 1039 2971 de
1061 2919 1131 2994 quo
1157 2891 1367 2994 conquestu·

154 2991 206 3066 est
240 2988 441 3069 Durandus,
475 2985 662 3084 Episcopus
687 2989 928 3079 Mimatensrt,
960 2990 997 3065 in
1031 2994 1178 3068 traiietu
1208 2991 1254 3065 de
1276 2991 1368 3063 modo

155 3088 285 3165 correilii
306 3083 470 3176 generalis
490 3083 702 3157 celebrandi.
753 3108 787 3178 7.
812 3087 976 3179 Denique
1009 3089 1184 3163 causarum
1218 3085 1366 3184 Episco-

154 3183 287 3283 palium
303 3179 416 3274 prima
432 3177 591 3274 cognitio
609 3179 810 3275 pertinebat
819 3181 866 3271 ¹ad
884 3183 1202 3276 Metropolitanus,
1228 3202 1267 3257 et
1281 3203 1368 3256 con·

154 3278 238 3357 ‚cilia
263 3274 513 3372 provincialia,
538 3274 597 3347 sed
624 3274 760 3351 finitiva
783 3295 819 3349 et
845 3276 959 3349 ultima
980 3278 1022 3350 ad
1045 3280 1162 3352 sedem
1188 3279 1364 3376 Papalern.

155 3369 385 3452 Innocentius
410 3390 528 3444 tamen
553 3372 616 3442 111.
641 3370 788 3465 primam
815 3371 988 3447 causarum
1006 3374 1264 3473 Episcopalium
1281 3396 1368 3469 cog·

154 3469 332 3554 mitionem
358 3466 458 3541 adse
485 3463 597 3540 videri
622 3467 734 3562 pollet
760 3466 919 3558 traxisse,
951 3469 1015 3543 nist
1041 3475 1147 3546 verba
1174 3470 1252 3566 ejus
1276 3473 1365 3544 mol·

157 3562 282 3645 liorem
318 3560 432 3636 serant
454 3562 805 3658 interpretationem,
839 3583 877 3637 et
911 3566 953 3639 ad
977 3565 1154 3641 finitivam
1186 3567 1367 3643 trahantur

153 3658 382 3745 sententiam:
418 3658 472 3733 uti
497 3658 648 3752 disputat
680 3657 816 3734 Natalia
842 3661 1041 3738 Alexander
1066 3687 1144 3762 cap.
1171 3663 1283 3757 vn,
1320 3664 1367 3741 de

154 3755 213 3837 hir
237 3756 397 3827 omnibus
420 3752 596 3846 legendus.
985 3794 990 3803 ,

207 3849 239 3947 ς.
265 3850 413 3924 CCVII.
437 3845 544 3945 Quod
568 3849 611 3923 ad
633 3851 782 3949 reliquos
804 3849 943 3927 adtinet
970 3853 1145 3945 clericor,
1178 3878 1241 3931 eoa
1266 3878 1299 3932 1.
1322 3854 1364 3931 si·

157 3951 215 4029 ne
239 3944 343 4016 titulo
382 3941 546 4019 beneficii
579 3964 637 4017 aut
668 3947 870 4041 patrimonii
904 3948 955 4024 sas
984 3974 1056 4027 non
1088 3970 1165 4025 erat
1196 3951 1361 4030 ordinari.

156 4039 439 4129 atterendae
469 4037 719 4120 cathedralium
752 4041 1004 4143 terrenarum,
1034 4050 1077 4124 ab
1108 4045 1302 4157 Episcopisx
1326 4068 1364 4122 et

189 4169 211 4216 ·:
723 4198 726 4203 ¹
783 4184 786 4189 ,
1131 4189 1138 4203 ,
1243 4160 1248 4169 1
1300 4162 1362 4220 α.
