3022 4806
540 576 582 676 *t-
632 558 869 674 ”Secud'XIL
1056 596 1066 620 s
1290 583 1370 665 0¹39

137 755 207 822 u,
242 724 633 828 Mabugi÷episcopus,
668 757 738 831 qno
764 729 952 807 Armenios
977 731 1198 829 Judaicorum
1232 735 1365 818 rituum

137 829 274 925 ,agebat
311 848 417 916 reos,
470 825 661 925 Gregorius
699 833 815 926 gentis
855 827 933 903 suae
971 837 1085 903 lamae
1126 831 1362 925 consulturus,

138 922 333 1018 utrumque
359 942 496 995 carmen
521 922 595 1019 igni
619 926 822 1016 coumbullit,
856 947 965 1025 eaque
990 924 1129 1009 ratione
1149 947 1271 1022 pacem
1306 929 1363 1002 in·

139 1011 203 1091 'ter
223 1020 414 1090 Armenios
439 1037 474 1087 et
498 1017 676 1113 jacobitas
701 1018 945 1109 confirmavit,
970 1017 1152 1112 Athanasta
1177 1021 1280 1095 Vltl.
1305 1024 1360 1105 se·

91 1172 94 1180 .
138 1115 277 1204 dente,
318 1114 361 1210 ab
386 1135 417 1185 a.
447 1122 551 1208 1138.
582 1118 623 1189 ad
661 1123 765 1189 1166.
798 1115 1032 1188 Bathebraeus
1065 1117 1135 1189 duo
1165 1115 1252 1189 vitia
1287 1118 1366 1212 ejus

142 1207 320 1304 temporis
342 1199 598 1304 Episcoporum
630 1214 788 1296 notavit,
833 1231 960 1300 utum,
995 1208 1087 1308 quod
1126 1209 1283 1307 episcopi
1318 1216 1364 1289 ob

140 1301 324 1389 lasciviam
350 1301 495 1396 depositi
526 1306 582 1377 vel
615 1308 684 1378 alio
715 1304 866 1379 translati
888 1305 985 1394 stnt,
1020 1307 1076 1380 vel
1113 1330 1133 1380 a
1168 1307 1361 1396 Christiana

141 1399 220 1500 side
252 1398 469 1487 defecerint,
502 1401 669 1490 alterum,
700 1404 794 1499 quod
826 1397 1019 1497 Episcopus
1048 1400 1269 1496 coadjutores
1303 1426 1363 1477 or·

143 1493 260 1577 dinari
285 1493 436 1567 fecerint
459 1514 605 1588 nepotes
628 1497 704 1569 snos
727 1494 840 1570 adhuc
866 1516 1009 1569 tenerae
1036 1498 1168 1571 aetatis.
1345 1539 1348 1544 ·

139 1679 145 1690 ,
190 1588 224 1687 ᾗ.
249 1588 456 1663 cxxvttt.
490 1591 656 1664 Omnium
690 1589 932 1664 celeberrimus
955 1592 1106 1664 Mialtael
1136 1594 1186 1680 l.,
1226 1616 1365 1688 magnas

145 1685 282 1776 distas,
308 1682 397 1757 sedit
421 1686 462 1756 ab
489 1708 519 1758 a.
550 1693 656 1760 1166.
682 1686 777 1759 ada.
807 1694 934 1778 1198.,
959 1687 1016 1759 vir
1031 1685 1201 1780 gloriosae
1228 1711 1363 1762 memo·

144 1778 241 1869 riae,
272 1778 459 1854 secundnm
487 1781 779 1870 Bar-hebraeum,
810 1779 848 1855 in
875 1781 978 1855 sacris
1004 1781 1181 1892 scripturis
1207 1779 1364 1878 adprime

142 1877 336 1963 eruditus,
376 1873 435 1968 qui
466 1877 595 1948 multos
626 1876 765 1972 reliquit
796 1875 916 1950 libros.
979 1875 1100 1951 Edidit
1138 1879 1358 1972 anaphoram,

141 1966 206 2051 ‘seu
227 1965 423 2070 liturgiam,
455 1969 632 2045 ordinavit
661 1971 867 2046 Pontificale
902 1990 938 2045 et
964 1971 1086 2047 rituale
1113 1971 1361 2069 Syrorum-Ja-

143 2067 366 2154 cobitatnm,
389 2085 458 2137 nec
484 2085 556 2137 non
581 2088 667 2161 opus
695 2067 739 2140 de
759 2074 1005 2161 praeparatione
1027 2068 1070 2140 ad
1095 2072 1360 2158 communionem,
1402 2068 1405 2075 '

143 2163 193 2243 in
217 2184 286 2258 quo
301 2157 455 2234 maxime
470 2157 506 2233 in
525 2183 681 2249 morem,
708 2161 767 2256 qni
797 2181 880 2231 tnnc
903 2161 992 2255 apud
1027 2161 1188 2254 Coptitas
1217 2163 1359 2236 obtine·

149 2255 245 2355 bat,
268 2279 336 2350 quo
360 2253 530 2345 consessio
552 2259 642 2366 apud
676 2256 889 2330 sacerdotem
926 2252 1187 2348 negligebatur,
1220 2257 1361 2331 invehi·

145 2350 218 2445 ins.
267 2350 423 2426 lnvaluit
438 2370 553 2423 autern
571 2351 653 2424 rllud
670 2351 728 2426 suh
749 2353 896 2437 Marco,
923 2351 1049 2423 Zaraae
1068 2349 1154 2441 filio,
1179 2369 1215 2422 et
1231 2354 1363 2449 lohan-

145 2473 197 2532 ne
221 2446 464 2540 Abnlmeged,
494 2447 701 2520 Patriarchis
727 2447 992 2533 Alexandrinis,
1029 2467 1138 2540 opera
1168 2445 1360 2532 Michaelis

144 2542 334 2623 Damiatae
350 2540 536 2636 Episcopi,
556 2541 650 2614 vid.
677 2542 875 2616 Renaudot.
903 2541 939 2613 in
959 2537 1103 2611 historia
1127 2540 1359 2620 Alexandrin.

144 2635 352 2724 Praeterea,
377 2636 515 2710 sedente
544 2636 746 2724 Michaele,
779 2635 819 2708 ad
845 2659 924 2709 eum
954 2637 1087 2708 litteras
1118 2635 1250 2731 scripsit
1285 2637 1361 2710 Mi·

146 2735 252 2812 chael
283 2736 483 2808 comnenus
517 2734 703 2828 superator
729 2733 772 2805 de
794 2730 996 2825 religione,
1039 2748 1076 2803 et
1117 2731 1362 2804 Theotimum

145 2829 241 2909 misse
280 2829 322 2904 ad
356 2849 463 2916 eum,
506 2850 546 2900 ae
585 2828 794 2915 Narsetem,
843 2828 1076 2898 Armenorum
1118 2824 1361 2914 Catholicnm,
1477 2836 1479 2841 ’

171 2921 209 3002 ui
235 2947 297 2998 eos
317 2919 360 2995 ad
386 2921 594 3020 colloquium
619 2921 801 3008 invitavit,
833 2920 962 3014 inquo
987 2918 1210 3013 disceptatum
1236 2918 1287 2993 est
1315 2921 1362 2994 de

139 2950 333 3123 insistentia
357 3033 389 3092 tt
415 3034 554 3109 natata,
578 3017 799 3093 etdatlnna
827 3013 1054 3108 Apostolicas
1094 3012 1287 3091 Theoliani
1320 3013 1361 3089 li·

149 3124 253 3196 btum
278 3116 323 3189 de
349 3114 414 3185 hac
443 3107 498 3185 sna
532 3111 710 3210 legatione
735 3109 846 3185 edidit
879 3107 1111 3182 Leunclavius
1143 3131 1195 3204 gt.
1219 3129 1258 3182 et
1280 3111 1359 3186 Lat.

147 3201 317 3290 'ceam
349 3207 563 3282 Graecorum
588 3212 773 3303 lnpetator
796 3206 919 3277 decem
944 3202 1165 3300 quaestiones
1191 3206 1361 3281 Armenia
1417 3236 1420 3240 “

144 3306 398 3408 proposuerat,
428 3307 560 3398 quinque
589 3303 635 3377 de
653 3301 759 3392 side,
797 3320 839 3374 nt
873 3299 954 3374 duas
983 3297 1019 3373 in
1051 3296 1189 3372 Christo
1223 3318 1363 3392 naturas

147 3401 265 3481 unitas
285 3396 466 3487 dicerent,
499 3401 581 3472 duas
605 3397 819 3485 voluntates,
853 3393 935 3467 duas
959 3393 1205 3490 operationes,
1239 3394 1363 3493 utique

151 3520 237 3577 cnm
257 3494 368 3569 tribus
390 3492 541 3587 Synodis
582 3493 801 3568 raedicarent
818 3512 957 3587 quoque
974 3507 1154 3584 quartam,
1179 3488 1362 3585 quintam,

147 3595 304 3682 sermm,
330 3607 369 3663 et
386 3586 535 3684 septima
580 3643 591 3678 ,
625 3586 822 3681 deniquee
848 3582 993 3680 trisagio
1017 3582 1267 3677 adpendicem,
1307 3592 1362 3684 qni

145 3687 330 3778 messinas
355 3708 390 3761 es
410 3701 468 3778 pra
500 3689 611 3773 nabis,
641 3696 901 3779 expungerent:
933 3698 1117 3777 praeterea
1150 3685 1281 3775 quiaque
1317 3683 1365 3778 de

145 3779 293 3872 ⁸ritibus,
326 3799 365 3855 nt
389 3775 513 3854 festum
538 3777 745 3854 nativitatis¹
767 3771 897 3850 Christi
933 3797 1014 3850 curu
1047 3776 1176 3850 ceteris
1209 3776 1365 3851 nationi·

144 3870 212 3973 lius
244 3877 484 3968 celebrarent,
522 3874 734 3951 fermentum
766 3872 804 3946 in
840 3868 1068 3957 eucharistia,
1107 3887 1145 3943 et
1176 3892 1296 3967 aquam
1328 3869 1367 3948 itt

146 3970 259 4061 'calice
278 3989 478 4073 ponerent,
503 3968 651 4049 chrisma
673 3969 824 4138 εκΊρΙεο
846 3964 960 4075 olivae
981 3963 1225 4060 conficerent,
1243 3964 1368 4133 iuliisq·

553 4076 559 4083 ·
779 4084 800 4160 3
1260 4080 1375 4139 cens
