2976 4830
181 490 185 495 Ι
203 529 277 618 356
594 515 749 609 ffiflorte·
766 515 891 615 Eccles.
914 514 1033 615 ¹Cltrili.

208 695 407 784 annullata,
447 693 626 769 decretum
667 692 717 765 est
750 693 908 785 fatiam,
943 720 1024 769 eum
1048 691 1117 769 elle
1147 693 1421 789 inperatorem,

210 794 271 888 'qui
296 795 338 863 ab
363 790 580 863 Eleftoribus
603 789 711 862 fuerit
733 794 880 880 electus,
907 792 990 865 lieet
1014 793 1139 886 aPapa
1155 812 1224 862 non
1240 790 1367 864 undu:
1382 805 1421 860 et

208 909 420 973 coronatur,
444 888 587 980 eosque,
613 887 671 981 qui
703 908 914 960 contrariam
947 907 1108 974 teneam,
1132 887 1290 959 criminis
1312 885 1420 958 laesae

209 982 404 1078 Maiestatis
426 979 495 1054 effe
514 1004 605 1054 reor.
656 980 775 1056 Exstat
797 986 981 1063 decretum
996 985 1085 1077 apud
1110 981 1310 1054 Goldalium
1331 1003 1417 1054 tom.

209 1082 276 1157 111.
328 1079 427 1173 Quae
452 1100 536 1148 mox
562 1075 684 1150 eodem
709 1100 798 1148 anno
819 1101 986 1151 renovata
1011 1099 1048 1148 et
1073 1079 1316 1149 corroborrata
1341 1079 1417 1150 litat

210 1175 244 1249 in
262 1173 420 1248 comitiis
436 1170 797 1260 Francofitrtensrbus,
826 1173 942 1245 addito
960 1172 1116 1266 lingulati
1133 1178 1296 1260 decreto,
1321 1176 1416 1268 quod

211 1272 344 1347 ibidem
371 1267 564 1360 reperitur,
588 1267 630 1338 de
649 1271 728 1362 jure
750 1285 782 1340 et
807 1273 998 1343 excellentia
1016 1270 1158 1360 inperii,
1182 1289 1223 1339 ac
1240 1271 1416 1362 potestate

210 1366 312 1441 etelti
337 1363 578 1434 Romanorum
602 1364 732 1457 Regis3
759 1365 855 1436 limul
878 1369 990 1460 Papae
1013 1365 1177 1436 inumata
1196 1364 1271 1436 sunt
1288 1387 1355 1459 per
1371 1367 1416 1438 E·

208 1460 378 1537 leiiorum
411 1457 563 1542 litteras,
595 1463 686 1553 apud
717 1457 917 1531 Goldastum
937 1461 1024 1552 stat.
1053 1473 1086 1531 et
1107 1454 1253 1554 rescript.
1288 1457 1420 1554 inperii

210 1575 297 1634 tom.
332 1555 399 1641 ll.,
432 1553 503 1624 imo
527 1551 601 1648 ipse
627 1555 809 1649 inperator
842 1556 876 1627 se
902 1560 1001 1628 edito
1025 1554 1253 1648 apologetico
1278 1555 1418 1629 strenue

210 1649 387 1737 defendit,
414 1647 521 1735 ibid,
546 1665 583 1718 et
609 1649 644 1721 in
667 1651 815 1743 catalogo
839 1650 966 1743 testium
990 1648 1110 1722 Flacii.
1150 1645 1246 1745 Quid
1272 1651 1420 1724 adhaec

213 1746 330 1842 Papa?
348 1745 460 1815 multis
474 1761 510 1814 et
527 1742 688 1817 horrendis
703 1747 799 1817 bullis
813 1744 1023 1832 fulminavit,
1041 1764 1078 1816 ut
1095 1745 1265 1819 Murrusl.
1279 1749 1418 1822 XXIV.

211 1845 337 1929 habet,
364 1839 496 1933 Imperii
514 1861 670 1934 quoque,
697 1839 764 1912 acfi
786 1861 946 1930 vacaret,
969 1839 1116 1914 instituit
1133 1840 1319 1931 vicarios,
1334 1865 1418 1918 con·

212 1939 380 2021 tendens,
408 1953 555 2006 vacante
579 1933 744 2028 inperio,
769 1936 874 2008 etiam
896 1960 960 2031 per
975 1932 1162 2009 interdieta
1179 1938 1419 2030 Pontificum,

88 2080 95 2093 ·
211 2055 352 2109 omnem
380 2029 454 2126 ejus
479 2027 685 2123 potestatem
713 2031 754 2103 ad
778 2033 900 2125 Papam
925 2030 993 2103 elie
1015 2033 1228 2121 revolutam,
1255 2056 1419 2132 tanquam

210 2136 340 2206 unicum
368 2123 504 2222 christi,
523 2123 658 2221 superni
679 2127 805 2220 Regis,
830 2131 987 2199 ricarium
1010 2131 1177 2213 interris,
1205 2149 1244 2200 ut
1264 2133 1424 2227 loquitur

210 2224 361 2310 Platina,
384 2226 541 2295 adieretis
557 2245 682 2317 porro,
708 2223 1138 2318 inperialemdr'gnitatem
1156 2242 1191 2293 et
1208 2236 1423 2319 potestatem

211 2321 282 2394 eiie
306 2343 325 2390 a
351 2320 450 2407 Papa.

261 2413 293 2512 i.
321 2411 509 2484 CCCXIII.
535 2410 673 2483 Praeter
697 2410 807 2500 haec,
831 2412 895 2485 alia
918 2412 1031 2484 adhuc
1048 2409 1241 2504 publicavit
1258 2414 1421 2505 decreta,

211 2509 264 2583 uti
291 2529 356 2600 pto
382 2504 540 2579 taxandis
564 2527 664 2579 certo
690 2508 805 2600 pretio
829 2505 947 2595 bullit,
980 2531 1021 2580 ac
1043 2511 1206 2581 brevibus
1231 2512 1412 2606 poeniten·

211 2604 335 2685 tiariae
357 2597 595 2696 Apostolicae,
623 2625 686 2695 pro
713 2603 891 2676 beneficiis
914 2603 1116 2676 vacantibus
1139 2608 1175 2675 in
1194 2610 1297 2682 Curia
1312 2607 1415 2680 reser-

211 2696 331 2775 vandis
361 2694 571 2792 dispositioni
603 2700 736 2792 Papae,
763 2723 828 2793 pro
852 2697 1077 2792 exstirpandis
1100 2700 1311 2792 haereticis,
1336 2711 1421 2800 qui,

211 2798 468 2877 Sacramentum
486 2793 719 2883 adorandum,
741 2817 798 2866 aut
821 2797 933 2888 Papae
959 2795 1214 2882 obediendum,
1240 2799 1334 2888 elie,
1359 2822 1419 2873 ne·

213 2911 310 2991 gant.
361 2887 459 2975 Fuit,
486 2887 572 2961 teste
597 2909 717 2962 autore
744 2894 832 2964 ritae
856 2891 930 2982 ejus
954 2894 1093 2979 primae,
1120 2893 1209 2980 apud
1228 2895 1424 2987 Baiuzium,

213 2989 374 3064 maximas
400 2983 532 3059 Zelttor
549 2985 649 3079 fidei,
674 3011 715 3058 ac
729 2990 774 3057 'itt
797 2991 880 3056 omrai
892 2983 989 3079 statu
998 2986 1061 3080 sem
1072 2983 1222 3070 ferridrts
1237 2991 1419 3068 baeretico-

214 3107 286 3167 rum
320 3095 402 3170 expu
426 3093 539 3167 nater,
571 3102 610 3151 ar
641 3083 766 3174 rigidus
789 3081 980 3174 perficitor.
1027 3084 1281 3159 Concrematus
1313 3090 1421 3163 etiam

213 3175 264 3250 est
293 3172 366 3285 ipso
395 3102 537 3247 dedente
562 3175 762 3250 Franciscus
793 3179 837 3248 de
862 3174 1027 3261 Pistorio,
1054 3179 1146 3269 quod
1171 3178 1344 3256 decisioni
1359 3186 1421 3281 Jo-

172 3277 174 3281 '
216 3273 342 3356 hannis
365 3267 506 3358 xxm,
538 3289 660 3344 contra
690 3290 929 3368 paupertatem
957 3267 1113 3357 Christi,
1136 3279 1421 3357 contradixiffer.

202 3365 287 3446 'Sed
308 3382 344 3436 et
369 3365 515 3441 meliora
538 3387 579 3437 ac
596 3366 685 3438 utilia
702 3369 934 3462 promulgavit
950 3365 1112 3454 decreta,
1139 3371 1180 3440 ad
1197 3371 1420 3451 reformanda

215 3457 454 3548 Monasteria‚
479 3460 631 3555 aliosque
656 3462 824 3534 tollendos
854 3465 985 3536 abusus.
1034 3462 1075 3532 In
1100 3463 1213 3555 specie
1238 3469 1327 3541 dedit
1349 3491 1420 3566 ope.

214 3580 313 3640 rem,
330 3552 444 3650 inquit
469 3572 571 3626 autor
593 3556 741 3645 citatus,
766 3553 954 3649 efficacem,
979 3575 1015 3629 ut
1042 3564 1075 3628 itt
1098 3560 1285 3654 beneficiis.
1309 3569 1418 3662 digri·

216 3655 360 3736 tatibus,
380 3664 412 3721 et
426 3651 646 3742 praelaturis,
662 3652 726 3744 sar
740 3668 875 3745 tempore
891 3658 1102 3748 vacantibus,
1110 3673 1304 3746 ponerentur
1319 3668 1424 3737 bonae

215 3765 249 3823 et
271 3741 416 3837 lotresiere
438 3741 610 3838 personae,
632 3750 841 3842 providetque
864 3766 896 3819 et
919 3750 1076 3844 disertae,
1103 3775 1143 3825 ac
1156 3752 1367 3848 suffitimttes
1383 3764 1424 3832 itt

215 3849 425 3926 litteratura,
441 3856 444 3861 ·
458 3861 498 3912 ac
523 3857 671 3915 maturae
694 3848 982 3923 minoritatem.
1030 3844 1137 3919 Addit
1162 3870 1291 3941 autor,
1323 3878 1421 3952 prep-

214 3937 524 4041 &remetienda
537 3941 694 4039 reperire
710 3961 781 4036 non
797 3959 939 4039 poterat
948 3945 1074 4043 ‚multa
1089 3943 1426 4051 temperament-

228 4086 241 4101 .
278 4052 306 4109 τι
372 4078 374 4083 -
1372 4066 1429 4134 tet
