3022 4806
554 530 584 618 ³,
621 522 729 617 Strui,
757 524 868 606 titt·
972 576 982 593 .

155 698 279 777 metrii
302 701 339 783 Τ
341 697 635 792 heisaloniteniir,
658 725 678 776 a
699 702 892 780 Paniarcha
915 701 1105 780 cpolitano
1128 701 1227 781 miffi.
1273 706 1362 786 iilud

134 797 308 898 ¹denique
331 818 454 875 notatu
475 797 619 897 dignum
644 797 712 888 est,
746 799 877 875 mittam
903 820 974 874 tam
999 799 1187 876 solenniter
1212 804 1282 877 nou
1306 803 1359 876 ni·

155 891 183 967 fi
213 915 335 992 quater
367 895 403 979 in
434 917 527 969 anno
559 893 747 984 celebrati,
782 895 839 969 die
871 896 1065 971 nativitatis
1097 896 1264 988 Domini,
1296 898 1358 972 di·

154 988 463 1079 Reiutrediionir,
497 987 737 1078 Pentecosten,
770 1012 807 1064 et
845 990 987 1068 decimo
1028 991 1154 1088 quinto
1187 991 1356 1090 Augusti,

152 1086 293 1181 quaudo
317 1108 440 1173 omnen
463 1085 742 1161 communicant:
768 1107 889 1160 verunt
913 1085 949 1160 in
974 1085 1184 1183 quotidianis
1199 1109 1356 1164 conveu-

154 1180 268 1275 tibut,
293 1198 332 1257 ut
348 1179 491 1257 —ibibent
511 1183 678 1271 traditur,
702 1182 798 1257 hune
819 1203 949 1257 morena
976 1182 1028 1257 ibi
1051 1200 1175 1257 tenent
1196 1183 1357 1259 Christia-
1395 1268 1400 1282 .

149 1273 201 1350 ni.
235 1298 267 1353 r.
286 1275 431 1353 Orditut
454 1277 605 1353 sacerdon
628 1302 648 1351 a
665 1276 929 1368 benedidiione,
955 1296 994 1351 ut
1009 1275 1046 1352 in
1062 1279 1165 1353 miffa.
1194 1301 1227 1354 2.
1245 1281 1354 1356 Fiunt

178 1392 278 1446 tecet
301 1372 482 1466 publicae,
508 1374 682 1448 recitatur*
690 1373 803 1471 aliqua
825 1369 931 1449 tectio
954 1395 1000 1448 ex
1018 1372 1121 1447 saeris
1144 1371 1291 1463 litteris,
1315 1395 1356 1451 er

148 1394 271 1553 Brevia
286 1467 329 1553 fit
345 1465 484 1543 concio.
517 1491 551 1562 3.
568 1466 813 1556 Distribuitur,
837 1468 1002 1564 precibus
1024 1467 1155 1554 finitis,
1182 1469 1251 1545 fine
1268 1466 1356 1544 vino

130 1565 268 1662 parth„
291 1563 357 1647 ,sed
388 1585 479 1659 prtem
507 1583 623 1660 punem
660 1563 782 1637 dicunt
811 1587 873 1636 ntn
898 1562 959 1659 effe
982 1579 1096 1657 corpur
1120 1563 1276 1657 Domini,
1299 1561 1356 1655 [td

137 1675 279 1744 lantum
294 1658 380 1755 ¹tiu'ri²
399 1660 433 1732 in
440 1654 574 1754 fignum
595 1677 727 1733 marnae
739 1658 993 1752 fraternitatis,
1018 1674 1075 1744 at,
1099 1660 1158 1733 hoc
1176 1660 1272 1757 figno
1296 1666 1355 1736 ed»

135 1757 295 1845 moniti,
305 1753 440 1850 ipsorum
457 1757 562 1832 animi
575 1756 776 1850 coalescant,
800 1759 855 1849 qui
869 1755 907 1828 de
923 1755 1027 1828 rodem
1040 1773 1124 1848 pane
1135 1761 1352 1851 participant.

147 1848 247 1939 Vid.
264 1851 380 1938 ,etiam
413 1848 515 1946 supra
544 1849 676 1925 laudata
706 1847 849 1946 epistola
884 1849 1082 1923 Zachariae.
1121 1873 1157 1942 4.
1179 1850 1356 1947 Percepto

142 1943 223 2025 hoc
244 1965 333 2038 pane
364 1940 534 2042 pop'ttiua,
561 1968 639 2020 cum
659 1947 724 2019 hac
739 1944 871 2020 solenni
888 1941 1152 2033 benediiiione,
1190 1952 1358 2046 dinamio
1443 1959 1445 1962 ’

143 2047 231 2139 nupto
251 2047 303 2127 ἐφ’,
318 2045 397 2136 ipit
420 2044 592 2115 henrdriiio
616 2043 749 2115 Domini
763 2039 868 2134 super
890 2042 1001 2127 notis,
1024 2040 1222 2116 dimittitur.

197 2136 428 2235 §.noviti
452 2138 619 2212 Ceterum
649 2139 687 2210 in
717 2157 849 2210 canone
884 2135 1116 2224 Graecorum,
1151 2134 1237 2210 teste
1261 2138 1388 2239 Chy-¹

137 2234 386 2327 ‚traeo„uulia
409 2231 451 2305 fit
473 2234 608 2307 mentio
620 2230 791 2327 sacraficii
811 2232 948 2326 corporis
970 2245 1004 2300 tt
1017 2227 1197 2326 sanguinis
1216 2234 1355 2331 Christi,

138 2351 207 2430 pen
232 2330 423 2412 redemtione
449 2331 595 2407 tinorum
613 2346 644 2402 tr
662 2345 853 2402 mortuorum
875 2327 999 2414 oblati,
1025 2327 1083 2400 sed
1107 2350 1251 2422 precer,
1276 2354 1354 2427 gra·

146 2425 278 2519 uiarum
302 2421 480 2512 actiones,
509 2425 626 2497 laudet
642 2423 733 2513 Dei,
757 2439 794 2495 et
818 2421 1057 2518 eleemosynae
1075 2421 1112 2495 in
1130 2423 1207 2498 usur
1221 2449 1354 2523 paupe·

148 2545 251 2612 rurn,
284 2519 475 2616 praecipue
497 2515 711 2592 offeruntur:
744 2535 781 2588 et
805 2516 896 2591 saeta
916 2540 1028 2593 coena
1051 2515 1200 2593 habetur
1220 2542 1278 2618 pro
1289 2521 1356 2618 sa„-

140 2616 273 2714 crificio
294 2614 524 2713 eucharistico,
547 2631 581 2688 et
605 2617 888 2689 commemorarint.
939 2611 1062 2688 Fidem
1088 2635 1175 2687 veto
1198 2616 1242 2688 de
1257 2639 1358 2711 prae·

142 2712 260 2796 sentia
284 2709 413 2785 Christi
436 2709 475 2782 in
498 2708 706 2783 eucharistia
735 2710 891 2784 retinent
919 2704 1114 2802 antiquam,
1146 2706 1181 2780 in
1205 2706 1357 2804 liturgiis

144 2803 411 2906 antiquiffirnir,
436 2803 559 2899 quihus
580 2805 788 2891 adhaerent,
814 2801 1017 2898 expteham.
1045 2802 1150 2874 Voce
1164 2802 1360 2898 μιῖισιῦσικ

141 2900 225 2996 'pon
247 2921 412 2991 utuntur,
436 2899 501 2973 nisr
526 2899 586 2994 qui
608 2919 688 2972 cum
714 2897 850 2972 Latinis
880 2895 1156 2984 consueverunt,
1182 2901 1238 2970 sed
1262 2905 1355 2977 anti·

148 3014 155 3091 ζ
175 3001 267 3076 uitur
288 2994 442 3093 receptio
465 2995 613 3068 vocibus
635 2993 841 3080 inhaerent,
866 3014 933 3067 nec
957 2990 1162 3064 Latinorum
1182 2994 1355 3074 Transub·

226 3092 406 3187 tiationern
425 3090 575 3180 norunt,
601 3100 733 3162 tanturn
749 3089 868 3162 realem
882 3087 1075 3182 agnoscunt
1087 3088 1357 3171 converfionenr

148 3191 230 3273 fieri
256 3211 321 3285 pet
344 3183 664 3275 consectationem,
689 3184 747 3259 sed
772 3184 870 3258 sensu
893 3180 1090 3278 spirituali,
1117 3207 1181 3279 per
1203 3188 1357 3283 illapsam

146 3285 299 3388 Spiritus
329 3281 389 3373 8.,
420 3279 568 3376 fierique
598 3280 746 3354 credunt
777 3300 904 3375 corpor
933 3281 1114 3374 triunphat
1147 3284 1352 3378 deificatum,

149 3405 192 3465 ut
224 3381 321 3549 supra
350 3399 395 3452 ex
429 3375 581 3472 Jerenria
610 3374 805 3450 observavi.
852 3373 936 3448 Vid.
968 3373 1074 3450 etiam
1101 3376 1198 3470 supra
1222 3377 1357 3461 laudara-
1404 3424 1409 3435 ι

1488 440 1506 491 *i

146 3470 295 3578 'epistoa
328 3470 517 3548 Zachariae
546 3471 637 3566 apud
666 3468 828 3546 lamium
849 3468 872 3546 l.
898 3470 982 3561 cit,
1006 3468 1126 3568 etqui
1151 3494 1170 3545 a
1195 3471 1355 3572 spanhe,

144 3575 224 3663 prio
249 3568 401 3644 citantur
424 3568 447 3645 Ι.
471 3565 534 3641 cit.
560 3589 594 3658 p.
621 3565 670 3640 V.
715 3581 766 3588 “
1281 3600 1284 3607 ·

194 3667 228 3768 i.
242 3658 383 3754 Dent.
409 3658 591 3758 Superest,
611 3676 648 3736 ut
662 3660 845 3756 Regiminit
860 3657 1009 3757 aliquem
1017 3659 1097 3734 dem
1114 3662 1353 3760 eonspettonr.

145 3767 296 3849 Habent
318 3757 450 3842 adhuc,
475 3775 512 3830 ut
536 3757 644 3846 olim,
669 3771 803 3854 quatuor
826 3756 903 3831 suot
925 3756 1153 3834 Patriortirar.
1203 3761 1261 3832 De
1276 3761 1355 3856 qui·

147 3867 236 3950 bur,
263 3873 404 3954 praeter
417 3852 522 3937 atior,
549 3852 619 3929 vid.
638 3855 692 3927 Le
706 3849 824 3947 Quien
839 3850 875 3926 in
892 3852 1029 3928 Oriente
1047 3854 1163 3948 Christ.
1196 3852 1357 3952 iptorum

148 3936 293 4066 primun,
313 3947 365 4031 cst
399 3946 614 4046 CPtiitanut,
648 3946 746 4125 egui
778 3946 949 4028 dioecefia
976 3949 1134 4032 onuun
1163 3949 1361 4048 neptune

665 4132 671 4141 .
708 4063 794 4123 000
817 4067 842 4148 3
1240 4064 1366 4145 Patet,

1179 4388 1244 4538 „
1370 4266 1451 4496 t
