3022 4806
124 595 177 684 ts,
516 595 813 701 maurannus.
839 579 955 698 trop.

82 834 88 848 f
137 770 248 861 idlus3
274 787 332 862 ut,
359 787 498 870 praeter
527 774 738 852 Gulielmum
758 773 1058 870 Neubrigensem,
1082 766 1192 864 refert
1217 757 1357 872 Gerho·

146 872 210 944 hus
231 869 601 965 Reicherlpcrgensrs,
626 876 662 946 in
681 875 824 948 Bavaria
839 871 1075 968 Praepositus,
1101 868 1159 940 lib.
1185 866 1213 935 Ι.
1238 864 1283 930 de
1304 879 1360 962 .”¹'

144 967 357 1061 vestigatione
380 969 583 1062 Anticlrristr'.
633 973 793 1059 Interea,
819 973 960 1066 Synodo
981 961 1152 1039 Laudensi
1168 960 1202 1030 in
1234 957 1357 1039 Italia,

148 1065 190 1134 ab
210 1063 416 1157 inperatore
434 1083 467 1133 et
485 1065 629 1137 Victore
645 1065 762 1138 habita
772 1067 898 1138 eodem
915 1085 1029 1150 anno,
1051 1057 1261 1133 confirmata
1278 1053 1358 1132 sunt

86 1208 93 1229 .
150 1155 226 1232 aila
250 1156 444 1250 Papiensra,
471 1177 509 1228 ut
532 1179 647 1234 narrat
665 1163 755 1234 Otto
771 1162 924 1234 Murena
947 1159 984 1230 in
1010 1156 1140 1230 Chron.
1163 1146 1359 1221 Laudense.

197 1251 228 1350 s.
254 1252 417 1324 LXXIII.
444 1254 644 1328 Alexander
662 1257 811 1343 deinde,
844 1279 926 1329 cum
951 1272 1017 1324 nec
1041 1254 1078 1325 itt
1109 1248 1209 1319 Italia
1236 1263 1358 1350 tutus,

150 1371 218 1424 nec
243 1347 328 1420 liber
349 1347 400 1418 ibi
424 1349 466 1420 ad
493 1372 572 1421 eum
596 1350 681 1425 effer
707 1352 836 1444 aditus,
871 1350 999 1423 itinere
1033 1346 1072 1419 in
1107 1341 1254 1416 Galliam
1291 1336 1359 1409 Ius·

149 1463 277 1537 cepto,
302 1442 491 1515 concilium
514 1445 631 1519 habuit
646 1448 735 1543 apud
752 1450 917 1520 Monteru
933 1442 1143 1518 Pelsulanunr
1168 1460 1198 1510 a.
1227 1441 1359 1522 riom,

137 1539 168 1615 i*
196 1562 266 1633 quo
292 1536 463 1611 sententia
488 1540 525 1613 iu
543 1541 751 1630 Victorem,
780 1541 918 1639 e'usque
945 1540 1120 1621 fautores,
1150 1532 1359 1606 confirmata

20 1655 22 1658 ’
150 1632 225 1723 esi,
251 1629 337 1705 teste
356 1633 499 1728 epistola
514 1637 625 1733 Papae
651 1636 692 1710 ad
715 1568 924 1734 Episcopum
941 1631 1197 1717 Vteunensem,
1217 1645 1255 1700 et
1271 1648 1361 1699 cor.-

150 1728 233 1805 cilio
250 1726 499 1823 Monspeliensr
524 1754 554 1804 a.
579 1739 708 1822 1165.,
735 1734 790 1806 ubi
813 1735 889 1830 ejus
911 1730 952 1804 fit
967 1728 1112 1802 mentio
1161 1725 1260 1824 Quae
1284 1744 1361 1793 om·

148 1825 208 1900 nia
232 1850 261 1898 a.
292 1833 395 1919 1163.
421 1826 458 1897 in
481 1825 632 1900 concilio
664 1829 883 1917 Turonensr,
915 1827 972 1900 cui
996 1823 1170 1899 Praesules
1200 1842 1246 1892 ex
1278 1818 1361 1890 Ga'·

150 1920 217 2011 lia,
241 1917 389 2014 Angla,
413 1919 683 2018 aliisquelocis,
709 1947 838 2018 magno
863 1944 1007 1996 nurnero
1029 1917 1281 2026 iuterfuerunt,
1308 1917 1359 1986 ul·

151 2017 260 2090 terius
283 2015 360 2089 sunt
386 2016 536 2109 sancita,
571 2036 609 2092 ut
633 2041 678 2093 ex
701 2019 787 2094 asiis
817 2018 960 2093 concilii
992 2033 1110 2111 patet3
1141 2015 1200 2085 ubr
1231 2011 1360 2085 decem

151 2133 289 2211 quoque
311 2110 446 2185 conditi
471 2112 548 2186 sunt
575 2137 744 2207 canones,
771 2137 917 2212 quorum
942 2135 1027 2186 unus
1051 2132 1158 2182 omne
1181 2128 1359 2181 commer-

8 2263 10 2266 >
151 2211 245 2283 cium
270 2232 349 2281 cum
375 2208 614 2305 Albigensrbus
638 2232 754 2299 vetat,
787 2206 955 2307 usquead
980 2208 1174 2279 emtionem
1199 2222 1238 2276 et
1269 2224 1357 2276 ven·

151 2304 343 2389 ditionem,
367 2305 447 2376 alius
471 2306 664 2376 medicinae
688 2305 833 2399 praxin,
857 2304 1014 2401 physicas
1037 2298 1298 2389 confestioues,
1323 2315 1360 2370 et

150 2403 268 2508 legum
292 2393 446 2469 civilium
474 2397 620 2470 studium
648 2399 827 2472 interdicit
861 2401 946 2472 viris
968 2396 1142 2492 religiosis.
1196 2395 1358 2467 Perrexit

150 2495 229 2567 dern
253 2494 426 2580 Senonas,
453 2495 507 2564 ubi
532 2492 699 2588 usquead
724 2497 875 2570 reditum
898 2493 934 2569 in
958 2493 1089 2566 ltaliam
1113 2511 1262 2564 moratus
1286 2487 1360 2579 est,

152 2592 213 2669 seu
245 2611 274 2661 a.
298 2592 424 2674 1¹65·‚
468 2608 504 2658 et
545 2590 745 2665 universalis
781 2590 953 2664 Ecclesiae
991 2589 1135 2682 negotia
1175 2585 1356 2660 tractore.

153 2685 230 2762 Hic
251 2679 378 2769 etiarn,
412 2684 617 2756 convocatis
641 2686 678 2758 in
704 2700 809 2760 uuum
838 2683 1074 2768 Scholasticis,
1109 2681 1250 2777 aliisque
1277 2683 1356 2753 Lit-

156 2781 297 2867 teratis,
324 2799 403 2851 curn
429 2781 554 2851 multae
585 2800 621 2852 ct
647 2784 762 2855 variae
790 2782 951 2876 vigerent
983 2782 1027 2851 de
1060 2778 1129 2850 frde
1162 2779 1357 2852 sententiae

149 2878 248 2959 inter
272 2870 463 2969 MagIstros
496 2876 741 2972 Francigenas,
774 2876 894 2952 severe
925 2874 1109 2948 interdixit
1150 2896 1256 2946 ornnes
1290 2890 1357 2946 tro·

149 2994 228 3070 pas,
260 2987 291 3043 et
323 2969 581 3065 indisciplinatas
611 2974 808 3071 quaestiones
840 2978 873 3046 in
907 2974 1098 3066 Yltaologia:
1133 2989 1172 3044 ut
1203 2970 1357 3044 curoni-

150 3089 219 3147 con
243 3065 580 3162 Reiclrerspergense
607 3069 649 3143 ad
681 3094 710 3145 a.
740 3079 845 3162 1164.
872 3070 986 3142 tradit.

201 3162 232 3262 §.
257 3162 426 3236 LXXIV.
451 3165 601 3238 Mortuo
624 3166 747 3239 eodem
768 3189 859 3240 anno
885 3163 1035 3239 Vislore
1061 3165 1151 3253 itt,
1177 3164 1276 3257 cujus
1301 3162 1358 3237 su·

92 3265 94 3276 ’
178 3260 329 3347 etbiam,
359 3258 553 3354 pravosque
578 3284 713 3346 mores,
736 3261 772 3332 in
796 3262 907 3357 specie
933 3260 1165 3345 crudelitatis,
1190 3260 1358 3355 depinxit

147 3289 273 3435 ietrus
293 3352 475 3429 Blaesensrs
491 3378 547 3449 ep.
567 3364 647 3445 48„
676 3355 735 3429 ubi
759 3356 848 3429 iuter
861 3355 925 3432 alia
944 3355 1047 3446 dicit,
1075 3358 1108 3428 se
1132 3355 1229 3429 fuiIIe
1253 3379 1357 3449 prae·

147 3458 308 3537 sentem,
334 3449 393 3525 ubi
410 3446 452 3544 se-
462 3449 642 3542 faciebat,
666 3453 997 3551 tanquamflotrram,
1022 3457 1169 3541 adorari,
1193 3448 1360 3529 suffectus

149 3553 186 3628 ei
211 3547 260 3622 est
284 3545 423 3634 Guido,
449 3545 638 3642 Episcopus
662 3551 920 3637 Cremonensis,
947 3570 983 3622 et
1009 3546 1213 3636 cardinalis,
1246 3568 1284 3620 et
1312 3550 1358 3622 ab

150 3642 333 3729 Henrico,
359 3642 531 3738 Episcopo
555 3642 768 3734 leodiense,
802 3647 1043 3734 consecratus,
1076 3642 1254 3739 dislusque
1287 3645 1358 3716 Pa·

146 3743 271 3848 filulis
297 3737 388 3827 111.,
431 3740 556 3811 eodem
589 3738 928 3836 Reicherspergense
966 3740 1063 3814 teste.
1124 3739 1360 3814 Confirmatus

150 3861 237 3932 ‘mox
260 3831 311 3908 est
334 3855 365 3906 a.
392 3840 496 3922 1165.
520 3833 555 3906 iu
581 3854 761 3908 conventu
792 3833 1099 3933 Wirziburgense,
1132 3835 1191 3910 vel
1219 3835 1357 3910 Herbi·

152 3928 303 4036 polensi,
328 3929 552 4021 Inperatore,
578 3930 808 4025 omnibusque
824 3931 1004 4022 Praelatis‚
1031 3931 1097 4026 ipsr
1115 3930 1360 4006 obedientiam

143 4039 343 4145 juramento
365 4021 667 4127 promittentibus,
706 4041 743 4104 et
767 4024 988 4123 Alexandro,
1020 4027 1161 4126 ejusque
1185 4027 1363 4108 successo.-

144 4214 153 4253 ι
210 4230 216 4239 .
245 4228 255 4244 α
323 4229 325 4236 Ι
1247 4125 1365 4218 ribus,
