3022 4806
634 507 743 588 Secul.
771 509 873 588 XVI.
1095 608 1097 613 7
1280 499 1283 503 ¹
1317 525 1392 619 533

164 704 205 760 et
240 670 444 784 Theologla
484 685 844 784 Anti-Augustiniana
879 680 985 785 caput
1018 688 1166 780 erexit,
1208 690 1315 789 usque
1347 701 1390 770 ad

164 783 372 881 Jansenilmi
397 802 515 856 ortum
536 783 606 859 sec.
625 787 809 880 sequente:
836 808 908 859 nec³
929 807 1042 859 tamen
1072 788 1210 880 penitus
1226 793 1387 886 oppress'a

165 878 219 952 est
243 880 281 953 in
307 879 449 974 Belgio,
475 879 560 975 quin
590 881 728 976 publice
750 881 889 955 defensa
912 884 949 955 in
970 883 1168 961 Academiis
1184 882 1386 963 Louanien·

161 973 200 1048 se
224 995 263 1047 er
288 973 476 1049 Duacense
499 976 771 1072 Augustiniana,
797 977 886 1050 adeo
910 998 949 1051 ut
973 979 1152 1073 opiniones
1177 979 1385 1073 Jel'ulrarum

160 1071 208 1145 de
237 1068 550 1167 praedestinatione
572 1095 592 1147 a
618 1073 732 1146 Lessio
760 1093 797 1145 et
820 1074 982 1146 Humelio
1007 1095 1218 1163 renovatae,
1252 1076 1387 1157 fuerint

162 1189 195 1241 a.
220 1174 330 1261 1587.
353 1168 533 1240 damnatae
555 1191 619 1263 per
646 1168 899 1257 Lovanrenses,
925 1189 963 1241 er
988 1192 1081 1243 anno
1108 1173 1175 1265 leq.
1202 1194 1264 1264 per
1290 1177 1383 1251 Dua·

163 1267 307 1338 cenler:
332 1263 472 1360 quando
493 1262 614 1337 Sixtur
630 1262 680 1341 V.
706 1266 762 1337 sua
788 1266 976 1338 autoritate
994 1264 1210 1354 intercedit,
1237 1293 1280 1341 ne
1302 1273 1383 1348 litua

161 1358 309 1433 ulterius
349 1359 597 1455 procederent:
640 1357 847 1448 statuendo,
881 1382 919 1432 ut
952 1365 1079 1457 cuique
1115 1363 1202 1454 parri
1243 1366 1384 1444 libertas

159 1453 329 1531 sentiendi
353 1475 391 1529 er
412 1453 564 1532 docendi
592 1455 847 1554 relinqueretur
870 1457 1021 1552 integra
1075 1458 1159 1535 Vid.
1184 1455 1269 1536 Bibl.
1290 1462 1380 1538 Uni·

157 1552 251 1626 vers.
278 1550 408 1626 Clerici
423 1568 517 1628 tom.
544 1554 647 1627 XIV.
677 1577 709 1628 1.
1137 1581 1139 1584 ·

210 1648 244 1747 §-
269 1647 473 1724 DXXXlll.
499 1647 765 1747 Proposrtioner
785 1669 874 1719 vero
898 1646 1082 1720 damnatae
1107 1647 1199 1724 inter
1223 1650 1288 1724 alia
1313 1652 1374 1730 lta·

155 1745 308 1822 buerunt
343 1767 375 1819 1.
399 1744 566 1819 merirum
598 1745 702 1818 unice
732 1744 927 1817 convenire
951 1743 1088 1816 bomini
1111 1747 1275 1840 integro,
1301 1751 1390 1824 nul·'

154 1841 229 1915 lum
261 1839 461 1936 peccatori:
493 1862 562 1914 nec
588 1842 694 1914 ullum
719 1842 848 1913 bonurn
875 1837 1036 1913 meritum
1060 1838 1095 1911 in
1120 1841 1287 1916 redemtis
1313 1867 1378 1935 per

156 1935 309 2035 gratiam
341 1933 471 2010 Christi
502 1933 656 2010 inveniri
689 1935 808 2031 polle,
840 1936 933 2031 qnod
967 1957 1036 2011 non
1064 1933 1104 2009 lit
1128 1937 1235 2033 gratis
1258 1939 1375 2050 indig-

155 2055 204 2109 no
222 2031 407 2120 collatum,
425 2031 583 2127 adeoque
599 2050 823 2128 peccatorum
842 2031 1071 2104 remiffionem
1089 2055 1248 2120 onmem,
1266 2055 1303 2107 et
1319 2059 1373 2108 vr·

154 2147 228 2205 tam
252 2140 452 2209 aeternam,
475 2126 545 2202 elle
568 2129 705 2202 meritis
728 2124 857 2200 Christi
876 2147 1011 2199 tanturn
1027 2129 1307 2218 adtribuendam.
1334 2153 1368 2204 a.

154 2224 288 2301 nullum
313 2220 387 2298 dari
411 2243 595 2320 peccatum
618 2245 662 2297 ex
687 2241 809 2297 natura
833 2221 890 2294 sua
914 2221 1071 2312 veniale,
1096 2222 1153 2296 sed
1171 2247 1277 2298 omne
1298 2249 1371 2300 me·

153 2318 228 2396 reri
249 2339 403 2395 mortem
425 2338 617 2394 aeternam.
659 2344 692 2414 3.
716 2317 908 2413 Imaginem
933 2317 1002 2390 Dei
1026 2317 1061 2390 in
1085 2320 1201 2416 primo
1225 2321 1372 2397 homine

152 2438 231 2495 uon
254 2415 354 2490 soille
377 2415 511 2490 donum
537 2416 791 2512 supernaturale
807 2432 853 2485 et
876 2416 1077 2506 gratuitum.
1116 2437 1151 2506 4.
1178 2419 1304 2492 Omnia
1330 2443 1370 2492 ο·

149 2534 242 2611 pera
263 2511 454 2586 infidelium
477 2509 546 2585 effe
569 2528 735 2608 peccata,
761 2526 796 2580 et
820 2506 1111 2604 Philosophorum
1131 2510 1280 2588 virtuter
1296 2516 1368 2590 elle

146 2606 250 2686 vitia.
287 2631 322 2700 5.
345 2605 513 2682 Liberum
545 2605 727 2680 arbitrium
761 2601 832 2677 fine
852 2605 985 2699 gratiae
1007 2605 1184 2700 adjutorio
1208 2632 1280 2683 non
1303 2609 1368 2685 nili

145 2703 191 2779 ad
223 2702 439 2801 pecclndum
471 2701 596 2778 valere.
630 2710 666 2777 6.
689 2699 821 2781 Libere
841 2701 941 2789 lieri,
965 2705 1058 2797 quod
1082 2702 1278 2776 voluntarie
1303 2707 1365 2795 lit,

145 2800 235 2879 lieet
267 2796 470 2875 necessario.
502 2819 537 2892 7.
561 2796 808 2874 Voluntarium
840 2817 928 2867 vero
960 2797 1002 2868 ad
1027 2799 1166 2890 peccati
1191 2797 1365 2874 rationem

145 2915 187 2972 er
219 2895 466 2972 definitionem
498 2918 571 2968 non
604 2891 800 2989 pertinere,
833 2889 991 2985 adeoque
1015 2912 1198 2984 peccatum
1223 2893 1368 2988 originis

145 2995 188 3072 in
210 2992 357 3091 parvulo
381 2989 450 3064 elle
475 2991 708 3064 voluntarium
733 2985 977 3070 habitualitcr,
1004 3005 1174 3151 quatenus
1207 3010 1275 3060 non
1303 2990 1364 3062 ha·

144 3092 213 3169 bet
241 3088 457 3163 voluntatem
490 3084 713 3160 contrariam.
758 3090 791 3162 8.
816 3083 923 3155 Prava
957 3081 1145 3176 derderia,
1180 3107 1266 3180 quae
1298 3087 1364 3160 ho·

144 3184 264 3264 mirrea
292 3180 448 3258 sentiunt
472 3180 603 3272 inviti,
637 3182 707 3256 elle
729 3177 816 3272 legis
841 3174 1129 3252 inobedientiam.
1171 3203 1205 3269 9.
1231 3180 1296 3256 Per
1323 3209 1367 3277 ε-Ι

142 3279 383 3378 leemosynas,
415 3276 550 3372 aliaque
578 3275 817 3376 poenitentiae
840 3295 967 3368 opera,
1005 3273 1088 3346 Deo
1112 3272 1266 3350 satisfieri
1294 3304 1363 3375 pro

141 3376 275 3481 poeuis
311 3373 575 3469 temporalibus,
609 3397 683 3448 non
713 3368 832 3444 meriti
868 3365 1078 3463 compasta,
1110 3372 1168 3444 sed
1192 3392 1362 3482 qnatenus
1470 3382 1475 3387 ’

141 3470 277 3574 aliquid
300 3470 466 3559 ficimus,
491 3470 589 3563 cujus
612 3466 742 3544 intuitu
765 3462 893 3541 Christi
918 3463 1103 3538 satisfactio
1129 3469 1228 3540 nobrs
1246 3470 1357 3570 adpli.

144 3584 257 3650 daur.
297 3591 355 3643 ro.
380 3565 600 3656 Neminem,
624 3583 777 3661 excepto
800 3559 962 3650 Christo,
986 3558 1097 3633 elica
1123 3582 1270 3655 peccaro
1286 3571 1357 3645 ori·

139 3663 251 3771 ginali
273 3661 477 3755 inmunem,
502 3664 660 3759 adeoque
684 3682 753 3734 nec
777 3655 943 3731 Mariam.
990 3652 1086 3731 Alias
1108 3659 1182 3751 ejus
1209 3662 1354 3758 opinio.

138 3789 206 3844 ner
235 3758 362 3851 mitto,
395 3759 448 3833 uti
477 3757 697 3834 adflictiones
723 3751 891 3852 justorum
915 3772 1058 3843 omues,
1091 3754 1194 3829 etiarn
1222 3777 1354 3857 marry.

136 3861 251 3951 rium,
275 3855 346 3934 elle
372 3856 522 3930 uniones
544 3875 790 3951 peccatorum,
815 3846 1007 3949 perfectam
1034 3847 1131 3945 polle
1153 3851 1188 3924 in
1206 3851 1358 3933 homine
1447 3938 1450 3943 ,

138 3958 216 4056 elle
254 3953 462 4063 maritatam
500 3949 572 4055 flue
600 3949 812 4127 remigiqqq
831 3964 1078 4053 peccaturum,
1109 3942 1353 4031 infidelitatem

831 4063 858 4143 4
1249 4064 1358 4148 ”⁶8³2

1129 4342 1489 4520 nr
