3022 4806
145 640 218 715 (aa
531 614 679 716 Historia
701 610 830 717 Enalos.
857 610 977 716 Christ.

136 796 216 887 ,srbi
235 796 373 875 tradant
388 792 567 874 vinitam:
592 793 651 894 qui
666 816 748 871 cnm
764 794 872 888 illud,
895 816 969 871 non
988 790 1151 875 obstante
1175 800 1368 881 aarum

155 915 194 969 tc
217 894 474 1004 pronunciato,
513 892 783 1065 deiroeffltiiii‘t’·
802 892 1185 1069 {tpfflepgsaet‘oteeun'rfi
1194 904 1367 1073 violem

153 992 671 1197 &linigiiuiirgaggfflusmt
688 1108 718 1161 a
742 1038 869 1176 rita..
894 1084 954 1161 ubi
971 1086 1066 1195 hauri
1082 1088 1146 1165 diu
1161 1021 1264 1189 posi,
1286 1096 1361 1167 clau

154 1179 400 1279 strangulator,
425 1201 541 1277 perrrt.
593 1180 786 1277 opuscola,
810 1179 854 1255 arl
881 1180 1175 1289 reformationem
1200 1188 1362 1263 rectene

152 1276 364 1389 speslantia,
397 1279 540 1373 collegit
572 1277 697 1351 Petrus
720 1277 910 1376 Numagen
944 1274 1194 1373 Trevrrenfin,
1226 1284 1363 1359 secreta-¹

152 1395 224 1449 rrur
256 1373 441 1464 Andreae,
480 1373 597 1449 addita
629 1370 790 1468 gallorum
818 1378 893 1468 ejas
916 1375 1113 1449 breviculo:
1152 1401 1245 1477 quae
1275 1378 1357 1456 edita

151 1470 230 1547 sunt
255 1472 298 1545 ab
324 1470 455 1543 Hortin
482 1493 544 1544 ero
566 1467 647 1546 hist.
670 1468 803 1546 Eccles.
827 1472 897 1547 sec.
920 1468 1036 1545 xvrt.

199 1563 233 1662 §.
258 1494 503 1643 cccxcvii.
535 1564 630 1641 Ursrt
663 1586 803 1663 quoque
831 1565 931 1640 valde
955 1563 1291 1660 Reformationem,
1321 1584 1352 1643 ct

147 1658 194 1735 de
217 1658 464 1759 superstitione
484 1682 526 1736 ac
546 1660 776 1758 corruptione
808 1660 847 1735 in
868 1655 1021 1735 Ecclefin
1040 1660 1252 1740 dominante
1273 1682 1352 1739 actr-

148 1758 195 1833 be
218 1755 427 1855 conquestor
452 1756 526 1843 est,
568 1774 606 1832 ot
630 1780 676 1832 ex
704 1758 870 1854 Catulogo
894 1754 1023 1852 reflirrrn
1049 1762 1214 1835 veritatis
1260 1776 1352 1856 noque

146 1853 275 1951 liquet,
300 1854 356 1928 vir
383 1856 589 1947 praeclaros,
612 1853 714 1926 seculi
740 1852 792 1929 sui
815 1854 1019 1929 miraculum
1041 1851 1212 1945 habitur,
1259 1860 1348 1932 ohan·
1380 1946 1384 1951 Ι

103 1988 108 1997 ·
150 1971 212 2025 uer
235 1950 334 2027 Pirur
358 1949 572 2039 Mirnndnla,
604 1947 781 2023 Dominus
807 1947 1030 2025 Mirandulre
1060 1969 1102 2023 et
1143 1951 1349 2028 Concordiae

149 2046 278 2122 Comes
302 2048 543 2143 acPrincepn,
569 2062 667 2119 natur
691 2066 721 2119 a.
750 2053 878 2141 1463„
904 2063 941 2118 et
956 2043 1105 2119 denatur
1129 2067 1214 2123 curn
1240 2047 1345 2219 unffi

148 2162 184 2218 ta
218 2142 364 2219 duorum
392 2164 528 2219 tantum
561 2140 647 2217 esset
678 2163 869 2230 annorum,
907 2163 937 2214 a.
971 2161 1079 2230 1494.
1129 2143 1267 2219 Doiiur

147 2240 249 2335 supra
274 2240 352 2313 aevi
374 2240 425 2315 fui
448 2238 561 2325 viros,
587 2240 684 2311 omni
709 2237 927 2311 scientiarum
948 2253 984 2308 et
1007 2235 1227 2333 linguarum,
1253 2242 1343 2316 Grae·

145 2356 229 2419 cae,
255 2336 420 2423 latinae,
448 2356 489 2407 ac
504 2333 734 2407 Orientalium
752 2355 903 2428 genere,
926 2353 1121 2427 propterea
1142 2336 1285 2411 Phoenix
1294 2330 1340 2408 al·

136 2431 296 2522 pellatur.
349 2431 474 2501 Annos
498 2429 654 2500 nondum
681 2428 809 2524 viginti
843 2448 988 2525 quatuor
1025 2448 1128 2503 natus
1157 2424 1341 2527 publiccad

144 2519 381 2618 dilpotandum
411 2545 475 2617 pro
504 2520 593 2593 osuit
619 2520 755 2595 Rornae
781 2521 991 2616 concuſsores
1016 2543 1220 2620 nongentas,
1241 2530 1337 2600 dere·

143 2622 207 2695 bus
223 2616 448 2706 Diateuicrr,
521 2615 751 2712 etaphystcir‚
777 2640 813 2693 et
832 2621 1122 2710 Mathematicis‚
1144 2648 1189 2699 ex
1203 2623 1336 2697 Hebrae-

131 2737 246 2803 ,orum
273 2714 439 2823 Cabbala,
465 2732 501 2785 et
524 2712 817 2811 Philosophorum
841 2734 999 2823 veterurn
1025 2718 1206 2812 mysteriis
1227 2719 1259 2792 in
1280 2714 1337 2814 pri·

143 2809 1188 3003 iiiiii?lolliiraslllnillll?asili„iiiiii,
1203 2820 1339 2985 llll:

143 3004 234 3077 roris
257 3024 294 3075 et
317 3000 490 3076 haeresros
511 3001 708 3090 accusatae,
739 3019 777 3074 et
800 3027 820 3077 a
846 3005 959 3097 Papa,
987 3005 1027 3075 ad
1053 3027 1180 3079 eorum
1202 3002 1339 3081 instanti·

141 3121 216 3187 am,
258 3097 452 3171 damnatae.
502 3097 621 3199 Quare
656 3097 826 3190 aspiritu
859 3097 1054 3193 disputandi
1089 3101 1292 3178 absterritus
1314 3098 1341 3173 le

132 3191 283 3268 castiori
309 3192 549 3290 Theologiae,
578 3193 774 3288 Scripturae
798 3195 832 3267 S.
858 3217 938 3267 com
965 3213 1064 3267 textu
1087 3198 1252 3295 originali
1274 3219 1340 3274 con·

137 3290 329 3377 ferendae,
354 3308 392 3362 et
419 3290 560 3365 veritati
580 3307 701 3363 contra
723 3289 874 3382 Judaeos
899 3310 937 3362 et
963 3290 1284 3370 Muharnmedanos
1302 3312 1340 3367 tu·

140 3384 273 3474 endae,
298 3385 449 3461 tradidit.
494 3384 630 3481 Opera,
657 3385 692 3458 in
726 3409 831 3461 unum
864 3387 1028 3474 correcta,
1070 3389 1167 3463 haud
1192 3412 1259 3463 una
1282 3388 1342 3465 vict

137 3478 255 3556 lucem
279 3482 512 3576 adspexerant
539 3482 575 3551 in
604 3480 677 3557 Fol.
705 3482 830 3557 Vitam
856 3505 940 3556 vero
964 3483 1038 3576 ejus
1065 3484 1275 3583 conscripsit
1296 3510 1342 3561 ne·

28 3650 32 3669 ,
67 3586 71 3595 ’
138 3600 206 3679 poa
231 3577 304 3671 ejus
326 3600 371 3649 er
396 3578 502 3651 sratre
528 3574 707 3672 Johanner
733 3579 934 3652 Franciscut
958 3581 1070 3654 Picus.

188 3673 209 3775 i
244 3672 504 3747 CCCXCVlll.
536 3673 622 3744 Duo
653 3672 735 3747 huic
767 3676 985 3767 Scriptorum
1020 3676 1187 3775 catalogo
1218 3678 1341 3773 snbjun-

187 3769 247 3845 ndi
270 3765 417 3857 restant,
459 3769 542 3841 alter
573 3767 773 3843 Platonicae
800 3769 1045 3868 Philosophiae
1085 3775 1122 3845 in
1152 3775 1342 3849 Occidente

140 3864 362 3947 instaurator,
402 3863 488 3935 alter
515 3862 662 3936 celebria
694 3865 924 3940 Scholasticae
960 3868 1189 3962 Theologiae
1218 3870 1340 3958 cultor,

137 3966 238 4044 Prior
263 3959 315 4036 est
338 3955 512 4046 Manilius
536 3958 689 4050 licinus,
725 3962 967 4053 Florentinos,
1008 3970 1101 4057 apud
1126 3964 1342 4043 Laurentium

130 4082 173 4143 ct
198 4055 361 4141 Cosmum
380 4056 592 4145 Medicaeor
615 4056 655 4133 in
677 4062 810 4156 gratia,
842 4080 879 4135 et
901 4061 944 4135 uh
968 4059 1013 4137 iit
1034 4065 1252 4141 canonicatu
1274 4062 1344 4170 Flo·

1222 4171 1348 4253 W
