3022 4806
632 577 740 653 Serul.
767 574 868 657 XVI.
1018 569 1021 572 ⁴
1288 592 1360 686 ⁶27

132 759 313 865 jurandum
336 757 413 855 puri
436 754 549 850 adigi,
592 783 614 831 a
629 756 780 853 sermone
802 761 903 831 etiam
930 755 1146 854 obscaenior
1172 758 1284 858 iitiffo
1309 749 1369 838 ira

138 863 330 943 aaronem,
355 871 390 926 ut
414 863 536 947 quoties
557 857 681 928 alicubi
706 855 975 951 versantemulri
997 859 1054 932 luc
1071 858 1200 952 fiebat,
1230 860 1266 950 se
1292 857 1361 939 lia·

214 954 453 1122 s

168 1077 271 1129 uma
627 1073 895 1123 n.1.o
1007 1073 1361 1127 cuner-

140 1151 256 1246 lippus
269 1145 377 1234 Vll.,
403 1140 569 1239 Princeps
584 1144 831 1231 Pedemontii‚
855 1145 914 1241 qui
940 1143 974 1218 se
998 1074 1361 1248 adqcoaqpersequen·

141 1248 207 1320 dos
232 1242 343 1343 passus
365 1257 441 1313 erat
462 1241 685 1336 permoveri,
703 1261 784 1314 cum
808 1241 914 1314 finem
944 1241 1030 1315 bello
1055 1246 1267 1338 inponeret,
1309 1243 1364 1319 se·

139 1342 221 1416 culo
239 1338 491 1436 praecedente,
507 1334 550 1433 se
565 1359 625 1408 non
648 1337 767 1412 habere
788 1351 857 1409 tam
880 1338 996 1430 dunos,
1014 1338 1195 1435 Μάνεω
1213 1339 1361 1436 absequi·

118 1438 211 1531 ⁸osus
224 1437 395 1543 subditur,
419 1455 512 1525 qnam
543 1432 747 1528 Waldcnses.
800 1432 886 1509 Vid.
910 1433 1044 1509 Perrin.
1071 1434 1161 1548 bist,
1176 1433 1359 1518 Waldeos.

136 1555 182 1702 352
198 1526 1363 1726 bibliiliberiensi,eilli‘fllrllfil:

140 1725 273 1818 ciplina
295 1720 435 1809 erana,
454 1743 554 1816 quant
571 1740 716 1812 tenent,
743 1739 817 1796 tum
841 1722 934 1818 quod
959 1723 1118 1832 plerique
1140 1724 1280 1822 longius
1294 1726 1364 1802 sint

139 1824 186 1896 ab
211 1820 352 1892 urbibus
375 1816 532 1906 remoti,
552 1815 781 1915 neglectoque
811 1819 1027 1893 commercio
1056 1822 1185 1895 intenti
1209 1819 1276 1894 ssot
1300 1845 1364 1896 co·

139 1919 249 1990 lendis
274 1913 364 2010 agris
388 1934 425 1984 et
447 1913 611 2008 gregibus
633 1913 825 2010 pascendis.
873 1914 976 2016 Quod
993 1917 1120 2013 Leger.
1144 1918 1167 1993 l.
1194 1916 1259 1993 cit.
1285 1940 1362 1993 non

142 2011 302 2108 neglexit
327 2010 519 2084 observare.

191 2111 222 2206 i.
250 2106 435 2180 DLXXV.
462 2104 603 2182 inficias
625 2124 744 2181 tamen
765 2104 818 2179 ire
835 2127 906 2179 non
931 2104 1036 2195 licet,
1057 2128 1138 2194 eos,
1165 2104 1251 2182 licet
1275 2107 1362 2181 fidei
1440 2103 1445 2112 “

138 2224 283 2280 tenaces
306 2198 540 2290 Christianae,
566 2200 635 2276 sese
662 2201 895 2298 praecedente
914 2201 987 2295 jam
1017 2202 1151 2291 seculo,
1177 2221 1274 2278 metu
1297 2202 1393 2279 Ca·'

139 2300 367 2387 tholicorum,
409 2319 469 2368 eos
493 2296 800 2394 persequentium,
841 2314 879 2369 et
909 2296 1080 2372 continuo
1103 2295 1364 2393 infestantium,

140 2398 357 2490 aliquatenus
382 2390 657 2468 adcommodasse
687 2392 861 2466 Ecclesiae
894 2391 1116 2486 Catholicae,
1156 2393 1246 2471 adeo
1276 2416 1315 2471 ut
1347 2417 1368 2473 a

142 2493 283 2591 publica
315 2488 492 2562 doetrinae
525 2489 603 2562 suae
630 2489 842 2586 professione
874 2488 1074 2586 aliquandiu
1110 2485 1363 2584 abstinuerint,

143 2607 181 2664 et
203 2590 412 2661 sacramenta
447 2585 503 2657 sua
535 2608 556 2656 e
589 2607 692 2660 manu
732 2584 944 2658 sacerdotum
974 2585 1152 2661 Ecclesiae
1182 2588 1364 2664 Romanae

141 2681 356 2780 acceperint.
406 2682 512 2775 Cujus
541 2680 667 2755 adserti
697 2679 788 2756 haud
819 2684 928 2755 unum
953 2677 1064 2756 exstat
1087 2680 1280 2772 indicium3
1325 2703 1366 2759 ut

149 2808 181 2859 1.
207 2782 244 2855 in
268 2776 484 2851 conseffioue
514 2775 688 2873 cujusdam
717 2777 882 2851 Thomae
946 2775 1021 2848 uoti
1042 2775 1133 2872 apud
1163 2773 1367 2854 Bolsueturn

150 2879 378 2955 Variatr'onum
407 2875 517 2968 histor.
552 2897 588 2969 p.
612 2875 660 2948 11.
691 2895 737 2947 ex
761 2870 846 2951 Mis.
879 2870 1116 2945 Bibiothecae
1138 2872 1367 2955 Marchionit

145 2977 193 3053 de
217 2967 402 3065 seiguelai.
432 2969 534 3042 ain
558 2969 796 3044 Bohemorum
823 2967 968 3043 fratrum
995 2965 1162 3058 historia,
1203 2970 1264 3067 qui
1288 2992 1368 3046 eam

143 3065 449 3144 diffimulationem
466 3061 547 3159 iplia
569 3064 618 3138 ob
642 3066 762 3140 oculor
777 3064 984 3158 posuerunt,
1002 3080 1044 3136 et
1066 3083 1260 3163 propterea
1282 3087 1365 3144 cunt

146 3166 230 3264 ipsis
264 3167 300 3236 io
334 3182 434 3234 unam
468 3159 674 3236 societatem
711 3158 907 3236 coalescere
937 3158 1148 3238 recusarunt.
1204 3164 1262 3237 De
1295 3185 1368 3262 quo

145 3288 191 3338 er
207 3257 403 3335 Camerario
420 3273 455 3330 et
472 3253 656 3353 Rudigero
672 3256 752 3332 satis
768 3253 926 3345 constat,
949 3273 987 3329 et
1004 3253 1105 3352 supra
1127 3256 1161 3332 io
1189 3260 1367 3334 bohemo·
1462 3340 1464 3344 ,

146 3385 225 3436 rum
253 3354 394 3431 historia
419 3354 577 3449 exposui.
630 3350 714 3429 Vid.
740 3372 778 3426 et
800 3349 943 3428 historia
961 3353 1192 3452 persecutionis
1214 3356 1368 3432 Bormo-

148 3484 242 3544 rum,
266 3472 351 3549 quae
376 3449 584 3524 Comenium
610 3448 718 3524 habet
749 3468 908 3524 autorem
942 3471 1018 3546 cap.
1047 3473 1105 3527 20.
1154 3451 1187 3546 3'.
1214 3452 1372 3530 Accedit
1466 3466 1469 3471 '

149 3544 364 3644 legatorum
381 3544 620 3621 Waldensrum
643 3543 686 3621 ad
703 3542 911 3636 Helvetios,
936 3544 1154 3644 Zuingliutn‚
1182 3549 1371 3625 Oecolam·

179 3646 318 3731 adium,
336 3662 372 3714 et
395 3645 586 3734 Bucerum,
621 3640 760 3738 propria
794 3641 965 3715 confessio
990 3643 1079 3740 apud
1112 3645 1241 3742 Aegid.
1269 3643 1371 3721 Gillit

150 3676 232 3825 iili.
258 3738 375 3816 Wald.
400 3760 476 3834 cap.
504 3761 538 3829 5.
586 3761 622 3831 4.
648 3739 811 3836 Denique
829 3736 871 3811 ad
897 3736 1181 3817 reformationem
1199 3742 1369 3818 Walden·

152 3846 260 3930 smm,
287 3833 364 3934 post
382 3835 469 3907 hanc
484 3833 694 3930 legationem
721 3835 819 3909 brevi
848 3833 974 3909 saetam
1009 3860 1038 3910 a.
1069 3860 1196 3934 1532,
1220 3839 1292 3911 hoc
1315 3837 1370 3933 ip·

155 3949 228 4024 som
259 3934 388 4008 diserte
420 3929 590 4023 refertur,
633 3932 669 4007 in
706 3929 883 4027 posterum
917 3929 987 4006 effe
1016 3933 1194 4009 vitandam
1230 3957 1372 4011 ornnem

154 4028 955 4141 dissimulationem‚omnequecommercium
969 4049 1051 4109 cum
1064 4026 1380 4119 ritibusiuprrlli,¹

149 4126 249 4235 gipso
266 4125 546 4206 pontificiorum.
575 4123 670 4206 ‘th
689 4121 790 4205 Gilia
807 4125 829 4202 1.
847 4122 910 4206 cit.
1108 4123 1143 4230 ς
1170 4124 1379 4206 DLXXVI·

1385 4290 1481 4540 1
