3022 4806
124 611 196 687 160
509 586 660 689 Historia
682 591 809 692 Eccles.
835 593 948 693 cirili.
1083 645 1085 650 ,

129 775 271 881 quidem
297 773 349 848 ess
370 794 390 846 a
410 767 579 844 Balduino
595 791 633 844 et
650 770 879 869 Templariis,
905 795 1015 871 parva
1036 786 1248 849 armatorum
1272 783 1345 839 ma·

133 900 203 964 nu,
245 869 388 966 insignis
420 886 458 938 et
490 868 657 941 mirabilis
681 869 830 943 vicioria
853 870 898 942 de
920 869 1104 961 baladino,
1136 866 1196 965 qui
1227 862 1348 938 versus

133 970 243 1071 ipsam
282 963 565 1059 Hierosolymam
607 985 770 1038 moverat
808 965 1031 1053 exercitum,
1073 964 1233 1037 omnibus
1272 955 1351 1031 sere

134 1066 307 1147 militibus
330 1061 404 1154 ejus
429 1060 485 1131 vel
510 1056 627 1154 gladio
659 1061 716 1132 vel
747 1059 896 1135 flumine
926 1059 1113 1149 absumtis,
1147 1080 1176 1131 a.
1216 1056 1349 1148 1177„¹
1415 1126 1422 1157 ¹

136 1183 176 1243 ut
199 1176 355 1236 narratur
379 1178 399 1227 a
424 1155 557 1250 Tyrio,
584 1172 621 1226 et
645 1155 736 1243 aliis,
762 1154 938 1231 succinere
964 1157 1071 1237 etiam
1097 1172 1136 1227 et
1158 1150 1348 1227 summarie

137 1284 160 1337 a
183 1249 464 1346 chronographo
488 1248 764 1344 Aquicinetino:
792 1252 848 1325 sed
875 1254 962 1326 haec
985 1254 1087 1326 scena
1108 1247 1208 1323 brevi
1233 1252 1351 1321 motai

138 1375 175 1431 ta
197 1351 257 1424 est.
307 1342 474 1419 Balduino
506 1343 601 1417 enim
636 1349 758 1420 morbo
789 1347 1032 1442 elephantiaco
1062 1347 1261 1432 laborante,
1293 1340 1354 1414 adi

163 1470 207 1521 ue
230 1464 379 1538 regnum
403 1441 548 1531 inepto,
592 1463 776 1515 coronatus
816 1443 954 1538 quidem
984 1464 1048 1515 rex
1087 1438 1139 1514 est
1169 1440 1356 1514 Bolduirrus

138 1474 233 1631 iv„
259 1538 385 1612 sororis
409 1537 480 1630 ejus
505 1534 612 1623 silius,
636 1537 751 1611 adhuc
767 1538 948 1632 puerulus,
974 1560 1016 1611 et·
1037 1535 1164 1610 Guido·
1178 1537 1225 1609 de
1247 1534 1355 1607 Lizo·

139 1641 269 1724 niaco,
303 1631 414 1706 ororis
430 1631 504 1724 ejus
521 1636 684 1720 maritos,
701 1631 909 1706 constitutus
928 1652 1146 1730 procurator.
1170 1628 1241 1705 Sed
1257 1648 1356 1703 utro·

138 1757 208 1835 que
240 1728 423 1815 Balduino‚
457 1726 577 1822 priore
610 1750 640 1802 a.
670 1736 797 1816 1185.‚
834 1727 1051 1824 posteriore,
1083 1725 1142 1801 sou
1183 1728 1355 1823 puerulo,

143 1854 180 1911 a.
202 1832 310 1906 1186.
334 1843 493 1909 mortuo,
515 1821 633 1895 omnia
650 1823 729 1896 sunt
743 1827 901 1912 turbata,
919 1824 1137 1919 Principibus
1158 1820 1203 1895 de
1221 1820 1357 1896 succes·

140 1920 239 2003 sione
265 1918 528 2003 diffidentibus,
564 1936 601 1987 er
624 1917 786 1990 saladino
808 1918 920 1990 ansam
946 1918 1225 2015 Hierosolymam
1248 1938 1358 1992 occu·

141 2016 248 2123 pandi
281 2008 539 2113 praebentibus.
590 2013 804 2087 successerat
836 2013 1003 2091 Balduino
1036 2014 1140 2088 Guido
1171 2012 1231 2089 ille
1269 2013 1360 2111 Jop·

142 2112 277 2217 penso,
310 2108 412 2187 ruera
436 2108 509 2205 ejus
525 2125 636 2182 matre
660 2108 785 2222 Sibylla
809 2130 939 2199 uxore3
974 2108 1033 2184 sed
1057 2109 1137 2183 illud
1158 2112 1378 2207 aegerrime

141 2215 299 2297 tulerunt
329 2207 548 2302 optimates,
591 2203 751 2301 inprimrs
782 2206 912 2278 Comes
943 2205 1206 2302 Tripolitanos,
1241 2223 1358 2295 „tutor

142 2303 324 2401 Balduini:
349 2323 452 2409 quem
462 2391 471 2408 .
481 2297 632 2394 eousque
647 2298 793 2395 abripuit
809 2299 1028 2395 indignatio,
1053 2320 1174 2395 utres
1190 2283 1359 2395 Cbrissia·

145 2423 276 2573 serr
291 2393 509 2563 rietes
534 2412 596 2559 ‘t
618 2393 1253 2568 lslhsllfsllzlllsli⁰la
1266 2395 1360 2565 {²¹²⁴

508 2537 518 2575 ,
1343 2529 1360 2551 .

145 2574 227 2671 n'um
252 2579 614 2687 Hierosolymiranum
647 2511 900 2661 delirirendum.
949 2547 1051 2688 Quoil
1082 2607 1121 2662 et
1148 2584 1328 2662 faciume

143 2710 176 2763 a.
207 2689 310 2774 1187.
345 2701 364 2751 a
396 2674 585 2786 Saladtno‚
625 2676 705 2772 post
738 2679 880 2754 duarum
918 2699 1050 2757 tantum
1084 2679 1360 2781 septimanarum

143 2778 361 2858 obsidionem
387 2770 672 2883 Hierosolymam:
707 2793 752 2864 ut,
768 2774 930 2871 Nangius
959 2779 995 2850 in
1022 2779 1199 2853 Chronico
1223 2777 1362 2870 refert,

143 2874 283 2980 quando
307 2867 510 2946 Christianis
533 2884 604 2941 tres
632 2887 766 2944 tantum
790 2872 894 2946 urbes
927 2872 1192 2967 superfuerunt,
1226 2872 1361 2949 Antio·

146 2973 229 3067 ciria
244 2967 385 3067 Syriae,
412 2965 550 3060 Tyrus,
578 2983 616 3037 et
635 2964 804 3062 Tripolis.
856 2968 933 3067 Qua
950 2968 1087 3043 ratione
1109 2968 1361 3065 Hierosolyma

145 3064 228 3170 post
252 3084 362 3137 annos
388 3065 432 3139 88
457 3058 566 3133 rediit
596 3059 638 3132 ad
664 3062 817 3151 Turcas,
843 3063 989 3138 »Latinis
1012 3063 1138 3161 partim
1165 3062 1371 3145 Antiochi·¹

149 3188 227 3252 am,
251 3155 659 3265 partimdlexandrianr,
679 3158 736 3229 vel
755 3157 928 3245 Siciliam,
959 3159 1181 3256 petentibus,
1208 3156 1266 3233 sed
1291 3160 1360 3257 Sy·

147 3260 219 3345 ris,
254 3253 480 3347 Georgrams‚
515 3248 679 3337 Graecis,
709 3268 746 3323 et
772 3252 957 3341 Armenia,
995 3254 1045 3329 ibi
1077 3254 1135 3327 sub
1157 3254 1359 3331 Turcarum

146 3347 307 3434 dominio
334 3345 573 3434 manentibus,
607 3364 644 3416 et
676 3344 834 3422 servituti
865 3347 1019 3424 addislis
1067 3352 1235 3425 Ceterum
1259 3348 1375 3427 inter'

147 3446 284 3555 causas,
310 3441 433 3541 quibus
450 3465 506 3516 res
524 3438 792 3519 Christianorum
819 3445 856 3518 in
872 3446 1024 3519 Oriente
1040 3444 1173 3541 pessum
1190 3441 1358 3541 iverunt,

147 3562 371 3647 praecipuum
387 3557 566 3612 merentur
583 3536 695 3612 locum
728 3540 942 3615 1.·Crimina
965 3559 1002 3615 et
1019 3540 1136 3633 'vitia,
1163 3559 1201 3615 ut
1228 3542 1355 3635 luxus,

149 3636 336 3724 avaritiae,
370 3634 557 3728 perfidiae,
583 3634 864 3722 latrociniorum,
893 3656 930 3708 et
954 3632 1152 3735 inpietatis,
1183 3635 1222 3710 in
1249 3638 1355 3713 Clero

128 3758 187 3816 ,ρι
209 3729 350 3825 reliquis
375 3727 572 3820 grassantia,
616 3749 656 3803 ut
681 3732 717 3804 T
743 3729 810 3801 rius
844 3730 866 3806 l.
890 3731 1005 3807 XXsl.
1037 3753 1073 3808 et
1098 3730 1359 3830 Neubrigeosis

146 3854 219 3914 ter.
244 3825 346 3919 Angl.
379 3823 403 3896 l.
427 3822 491 3895 ill.
517 3823 645 3895 diserte
675 3756 852 3898 tesiantur.
905 3848 939 3902 n.
962 3827 1101 3926 inperia
1133 3825 1241 3901 divisa
1263 3829 1377 3914 inter,

148 3936 288 4025 Regem
332 3915 616 4012 Hierosolyma,
656 3918 861 4030 Principem
890 3921 1134 4015 Antiochiae,
1177 3924 1360 4000 Comitem

147 4016 436 4127 Tripolitanum,
460 4030 499 4089 et
520 4010 710 4112 Magistros
738 4013 887 4095 militiae
910 4017 1053 4119 Templi
1078 4040 1119 4095 ac
1140 4017 1380 4119 Hospitalis,

163 4192 167 4203 .
676 4184 682 4195 .
733 4168 737 4175 ·
1115 4169 1118 4172 -
1290 4132 1365 4189 uno
