3022 4806
131 624 201 685 rra
517 595 665 698 lusineio
690 594 815 700 Eccles.
838 597 960 705 'curm

136 781 272 865 Cael‘ar.
298 779 427 871 habet,
451 776 624 852 incertum
644 802 750 871 vero,
776 786 909 878 quare?
941 780 1288 859 Cotel'eriue'in'not.
1311 740 1354 855 ad

27 939 32 945 -
139 898 371 960 monumenta
391 878 455 949 Gr.
483 895 507 947 t.
536 877 562 950 Ι.
589 875 728 972 quidem
757 879 929 954 derivata
953 882 1078 977 oilie,
1105 893 1162 954 lcu
1179 903 1356 966 crumena,

135 1003 202 1080 qua
236 978 278 1052 ad
309 974 428 1071 stipem
459 973 689 1067 colligendam
723 972 867 1050 fuillent
900 978 968 1070 uli,
1011 981 1069 1052 l'ed
1101 979 1198 1052 nullo
1232 977 1358 1050 funda·

136 1094 321 1270 mellith.
348 1164 420 1238 Etsi
446 1188 530 1239 vero
555 1163 593 1238 hi
618 1161 775 1238 homines
794 1165 866 1261 jam
892 1170 982 1241 ante'
998 1166 1157 1259 fuerunt,
1192 1191 1275 1244 cnm
1306 1170 1359 1243 t'a·

139 1291 220 1346 men
247 1268 314 1336 hoc
339 1263 453 1334 seculo
492 1264 529 1334 in
556 1261 730 1357 publicam
764 1265 929 1339 venerint
958 1263 1139 1355 notitiam,
1177 1287 1216 1343 et
1250 1271 1357 1364 longe

139 1368 274 1457 lateque
297 1359 362 1430 lint
388 1357 619 1448 dillemiuati,
645 1360 749 1455 origo
774 1381 896 1432 eorum
924 1359 1007 1436 huic
1026 1364 1141 1434 lecolo
1178 1363 1358 1441 tribuitur.

139 1456 286 1536 Fadium
322 1452 401 1526 illud
436 1453 486 1527 est
519 1476 538 1526 a
579 1455 730 1547 quodam
763 1453 912 1544 Brfilio,
952 1461 1009 1553 qui
1055 1454 1167 1531 seclae
1209 1484 1358 1555 promo·

138 1553 275 1632 vendue
301 1574 460 1644 magnam
487 1549 633 1622 navarit
667 1573 830 1645 operam,
864 1552 1051 1626 duodecim
1082 1555 1202 1628 eledlir
1232 1557 1361 1628 unteri-

139 1653 213 1727 orir
244 1646 457 1745 admillionrs
490 1642 692 1742 discipulis,
734 1664 772 1719 ut
806 1646 892 1721 olim
925 1649 1159 1724 Manichacus
1202 1649 1361 1741 fecerat,

138 1748 181 1821 ad
205 1745 405 1839 exemplum
432 1739 574 1816 Christi.
624 1741 681 1812 De
694 1762 765 1850 quo
781 1742 860 1816 viro
883 1740 969 1817 nibil
988 1745 1100 1832 aliud,
1125 1769 1250 1844 quarn,
1276 1769 1360 1820 eum

139 1839 241 1919 fuiffe
274 1841 470 1925 medicum,
504 1854 541 1909 et
572 1834 797 1911 monasticum
828 1840 1026 1936 praetulille
1056 1841 1249 1932 habitum,
1272 1862 1360 1918 con·

140 1939 217 2014 stat.
275 1936 425 2008 Zonaras
456 1950 573 2006 autern
605 1929 746 2022 refert,
798 1933 896 2008 illurn
927 1956 1036 2011 annos
1066 1959 1113 2027 52
1160 1935 1361 2035 perniciosa

138 2035 306 2129 dogmata
330 2025 502 2116 docuille,
535 2046 573 2102 et
596 2041 698 2101 rorum
712 2027 794 2122 sere
825 2035 930 2104 orbern
955 2032 1025 2128 sua
1054 2033 1142 2126 pelle
1172 2034 1364 2131 inplerffl,

143 2136 259 2207 donec
284 2127 384 2201 CPol.
410 2123 561 2200 venient
591 2121 639 2199 ibi
665 2123 704 2198 fit
737 2127 915 2215 decertas,
956 2147 992 2201 et
1033 2130 1300 2205 vivicomburio
1340 2151 1363 2202 e

146 2225 266 2302 medio
299 2226 446 2298 sublatus
475 2225 518 2294 ab
552 2221 703 2309 Aleni03
739 2243 777 2294 ut
808 2244 892 2294 mort
924 2227 1077 2297 narrabo.
1132 2227 1232 2324 Quae
1268 2247 1363 2301 vero

140 2324 185 2397 de
210 2323 285 2415 ejus
310 2317 482 2412 hypocrisi
507 2333 544 2386 et
570 2316 710 2390 vafritie
734 2317 949 2408 referuntur,
973 2320 1168 2408 autoribus,
1194 2323 1254 2419 qui
1280 2323 1363 2394 bol·

142 2436 197 2493 ter
220 2417 294 2509 ejus
318 2414 478 2497 fuerunt,
509 2411 679 2507 relinquo.
735 2412 936 2509 Postquam,
975 2436 1013 2489 ut
1047 2417 1120 2514 ejus
1152 2416 1240 2506 fata,
1279 2418 1363 2491 satir

142 2505 366 2592 miserabilia,
397 2505 589 2579 lummatim
617 2530 795 2596 enarrem,
830 2511 873 2584 ab
898 2532 967 2582 uno
990 2514 1257 2609 discipulorum,
1293 2534 1361 2608 pcr

143 2623 322 2682 tormenta
346 2601 387 2674 ad
416 2602 449 2674 id
477 2601 677 2698 compulso,
705 2605 862 2696 proditur
887 2608 991 2696 ellit,
1026 2629 1063 2682 et
1088 2630 1204 2682 coram
1230 2611 1360 2683 Alexio

142 2705 352 2798 Imperatore
377 2694 563 2786 addustus,
596 2700 644 2788 is,
680 2724 746 2771 una
779 2721 858 2773 cum
889 2702 997 2776 fratre
1033 2707 1163 2778 isaacio
1196 2706 1360 2779 Seballo·

145 2820 301 2881 cratore,
333 2795 466 2867 nefaria
488 2813 583 2883 arte,
608 2819 673 2890 per
699 2797 897 2885 blanditias,
926 2800 997 2894 ipsu
1020 2801 1176 2895 discipuli
1203 2803 1361 2876 adl'umta

144 2898 316 2996 persona,
350 2892 440 2964 adeo
472 2891 597 2980 etiam,
640 2912 676 2966 ut
707 2893 815 2987 ipsum
848 2895 884 2965 in
919 2898 1005 2970 baec
1036 2903 1140 2969 verba
1174 2899 1361 2970 adlocutus

142 2992 270 3078 fuerit,
307 2987 391 3059 teste
417 2990 518 3061 Anna
543 2989 563 3061 l.
589 2989 673 3080 cin,
699 2991 839 3083 equidem
866 2991 967 3064 Pater
990 2989 1265 3088 reverendiffime!
1298 2995 1362 3064 rni-

143 3113 198 3167 ror
222 3104 254 3158 te
278 3082 425 3177 inpense,
452 3111 492 3157 uc
517 3109 664 3167 ueneror,
691 3093 811 3159 virture
835 3103 894 3158 lau
920 3106 1054 3180 captur,
1088 3098 1238 3186 cupioque
1263 3091 1361 3163 valde

146 3188 250 3262 doceri
269 3187 329 3254 abr
353 3195 410 3250 rua
437 3186 636 3268 reverentia,
661 3206 741 3276 qaae
765 3183 890 3272 tradis,
924 3189 1036 3275 quibus
1053 3187 1135 3261 'lruec
1159 3187 1266 3280 nostru
1300 3209 1363 3260 ra·

144 3308 189 3358 na
216 3276 276 3374 ff
301 3279 413 3366 dacer,
439 3293 471 3350 er
495 3283 614 3350 nulllus
630 3276 770 3372 frugis,
795 3301 875 3350 eum
900 3301 944 3350 eo
968 3284 1110 3378 adegit,
1146 3300 1184 3354 ut
1210 3283 1361 3378 dogma·

146 3402 183 3456 tu
207 3379 264 3450 sua
288 3373 520 3469 explicuerim
547 3397 612 3468 qua
636 3376 778 3445 ratione
795 3396 934 3469 quoque
961 3379 1045 3450 olim
1074 3376 1362 3454 Mellalianorum

145 3468 345 3575 primipilus
368 3471 494 3564 legitur
528 3469 619 3565 apud
653 3470 876 3545 Theodoret.
909 3471 959 3545 H.
991 3475 1030 3547 E.
1063 3476 1084 3546 l.
1119 3475 1186 3547 lv.
1220 3496 1252 3546 c.
1301 3497 1361 3551 ιο.

146 3576 314 3663 deceptus
343 3590 361 3639 a
393 3564 843 3641 Flaviano-Antiocheno.
900 3567 983 3668 Quo
1013 3568 1134 3657 fauo,
1175 3589 1255 3644 cum
1302 3570 1362 3647 sua

145 3667 311 3760 dogmata
344 3660 551 3734 defenderet
582 3661 742 3748 Basrliur,
785 3660 963 3738 custodiae
996 3669 1203 3754 mandatus,
1246 3667 1309 3742 ubi
1338 3689 1364 3742 a

146 3764 245 3842 malis
277 3753 394 3854 geniis
423 3775 589 3848 vexatur,
631 3777 669 3831 et
702 3756 873 3855 lapidibus
903 3759 1034 3852 petitus
1056 3759 1126 3850 est,
1160 3781 1199 3834 ut
1231 3760 1364 3856 lectur,

146 3855 295 3950 denique
319 3874 408 3948 rogo
431 3851 607 3941 addidici,
634 3851 820 3928 secundum
838 3855 1062 3949 sententiam,
1087 3861 1129 3934 ab
1152 3856 1222 3954 ipsa
1248 3862 1365 3956 Syno-

143 3960 213 4047 do,
232 3971 268 4028 et
280 3947 470 4022 Patriarcba
486 3949 589 4023 CPol.
608 3948 780 4039 Nicolao,
797 3952 921 4041 latam,
940 3956 1185 4030 consentiente
1203 3955 1361 4054 Alexio,

143 4075 187 4136 et
209 4042 406 4134 combustae
428 4043 491 4125 est.
541 4044 711 4124 Adseclae
733 4069 873 4150 quoque
897 4050 993 4148 ejas,
1026 4069 1201 4154 quotquot
1232 4052 1275 4165 ad
1311 4053 1364 4126 se·

1227 4167 1370 4229 mmm
