3022 4806
131 682 184 756 δυ
492 651 639 755 Historia
661 657 788 756 Ecrlff.
815 657 928 759 cnrstt

141 837 341 933 regnantia
368 829 574 926 coelestibus,
599 839 839 912 circumeuntia
872 837 1109 926 serietatibus,
1142 837 1176 909 in
1199 837 1361 913 deuorato

139 936 255 1031 uestitu
271 929 414 1028 offistot.
466 933 648 1028 Denique,
676 957 719 1006 ne
737 941 832 1027 plura
850 933 1045 1030 proferam,
1072 934 1195 1007 adserit
1220 936 1256 1008 in
1282 935 1361 1006 fine

140 1031 332 1113 cruciarus,
356 1028 447 1100 illam
475 1029 511 1101 in
537 1031 672 1103 coelum
698 1029 767 1105 elle
784 1032 990 1118 adsumtum,
1018 1031 1074 1104 sed
1100 1047 1206 1103 utrum
1236 1036 1270 1102 in
1286 1053 1358 1101 ror·

140 1147 236 1223 pore,
269 1150 313 1196 un
333 1121 406 1213 fine
428 1143 572 1216 corpore,
615 1123 724 1216 dicit,
764 1130 882 1201 nullius
908 1132 1080 1202 canonicae
1091 1125 1280 1219 scripturae
1302 1128 1358 1198 de·

135 1218 279 1320 fininiffe
305 1223 534 1310 autoritatem,
558 1239 712 1294 attamen
737 1222 806 1297 hoc
832 1222 963 1296 certum
988 1223 1078 1309 else,
1111 1224 1260 1316 quodibi
1286 1222 1361 1317 est,

143 1324 199 1392 uli
217 1338 283 1390 torn
305 1313 393 1407 ipso,
419 1339 511 1408 quum
529 1311 655 1404 silius,
680 1322 785 1392 nnltai
809 1319 874 1408 Dei
898 1316 1068 1415 uffistnnt,
1096 1338 1154 1410 pro
1178 1322 1268 1391 nobis
1294 1320 1358 1388 rni-

131 1415 346 1514 sericordiotn
359 1413 580 1502 postulantes,
607 1436 666 1484 non
680 1415 863 1509 judicium,
890 1432 921 1486 et
946 1417 1120 1486 obtinentes
1144 1419 1227 1486 otnni
1246 1417 1357 1510 poeni·

143 1514 226 1584 trunti
253 1504 460 1602 retniffionetn
490 1525 705 1603 peccatorum.
755 1509 861 1584 Anno
890 1533 994 1599 1129.
1020 1513 1117 1604 plaga
1152 1510 1241 1604 ignis
1263 1509 1356 1584 divi·

141 1608 179 1682 ni
195 1608 404 1693 Carnorum,
429 1601 592 1693 Parisios,
611 1604 842 1695 Suessionem,
861 1607 1107 1691 Cameracum,
1126 1605 1360 1696 Atrebatum,

141 1699 266 1777 etalio
289 1699 397 1772 multa
425 1700 521 1788 loca,
549 1700 753 1775 mirabiliter
774 1701 991 1797 pervadens,
1017 1723 1079 1795 per
1106 1698 1254 1773 sannam
1278 1703 1354 1776 Dei

141 1793 362 1874 Genirricem
388 1795 540 1872 Mariam
567 1796 757 1871 mirabilius
788 1796 942 1873 exonera
974 1794 1043 1884 est,
1085 1794 1283 1871 hominibus
1313 1820 1359 1872 ea

137 1895 194 1971 lue
225 1891 460 1966 laborantibus
485 1914 550 1984 per
582 1912 657 1964 eam
685 1890 824 1981 sanaris,
861 1913 915 1966 ut¹
931 1891 1086 1988 pluribus
1116 1893 1260 1987 prolatis
1293 1913 1357 1967 ex·

141 1991 267 2100 amplis
297 1985 478 2058 enarravit·
506 1983 686 2061 Anselmus
711 1987 966 2063 Gcmblacensrs
989 1986 1026 2060 in
1062 1988 1220 2075 Cliton,
1260 1989 1357 2062 inter

142 2086 333 2181 scrrptores
359 2081 526 2156 German.
551 2083 685 2158 Struvii
708 2101 798 2160 tom.
825 2085 851 2158 l.
878 2084 1049 2158 Bruxellis
1070 2081 1108 2155 in
1135 2083 1292 2178 Templo
1317 2085 1355 2161 S.

141 2179 283 2262 Nicolai
323 2198 352 2250 a.
382 2199 488 2268 1¹52·
522 2181 705 2254 innumera
746 2178 888 2253 meritis*
916 2178 1055 2252 Mariae
1102 2195 1235 2274 patrata
1275 2201 1356 2252 nar·

138 2299 256 2354 rantur
274 2276 431 2347 tniruenlo
455 2276 493 2347 in
515 2274 668 2349 aunario
690 2272 923 2369 Affligemensr
940 2275 1033 2347 inter
1049 2271 1166 2367 script.
1187 2274 1358 2351 German.

141 2371 278 2447 Struvii
305 2386 392 2439 tom.
425 2370 455 2439 l.
492 2370 670 2462 Joltannes
694 2371 895 2443 Comucnus
920 2391 1058 2443 currum
1090 2371 1358 2538 lnfperatoriurn

1140 2467 1182 2536 ed
1207 2465 1275 2539 Dei
1294 2490 1355 2560 ge·

140 2468 179 2544 in
207 2462 294 2539 resto
318 2461 429 2555 aliquo
454 2461 655 2559 triumphali
679 2484 750 2537 non
771 2462 843 2559 ipse
869 2463 1092 2553 conscendit,

139 2566 267 2639 nitricis
294 2559 467 2651 inunginern
489 2555 526 2630 in
551 2579 596 2631 eo
618 2557 825 2648 collocavit,
851 2558 910 2635 cui
928 2558 1118 2646 vislorias,
1151 2565 1354 2660 δισυςςαη·

141 2659 242 2758 yion
267 2651 386 2749 ἀμάχῳ
412 2652 552 2746 collegae
576 2655 692 2749 inperii
715 2657 851 2729 inridre
875 2675 1026 2750 acceptos
1039 2655 1196 2750 ferebat,
1232 2681 1268 2732 ut
1301 2661 1357 2732 in·

139 2765 218 2856 quit
244 2753 389 2828 Nicetes
415 2748 573 2823 Choniat.
599 2750 635 2822 in
658 2749 815 2844 Johanne
839 2753 1021 2827 Comneno
1056 2774 1131 2846 capa.
1162 2777 1196 2844 5.
1246 2754 1358 2854 Quod

138 2871 220 2931 ante
237 2848 347 2946 ipsum
372 2867 511 2942 quoque
535 2845 665 2920 fecerat
689 2845 771 2940 Joh.
792 2848 980 2933 Zimitzes,
1005 2846 1152 2921 navins
1176 2850 1351 2946 bulgaris,

140 2970 182 3026 ut
205 2943 407 3039 Ducangius
439 2940 480 3016 ad
506 2941 713 3015 cinnamum
744 2945 893 3018 notavit.
942 2943 1090 3017 isaacius
1118 2967 1255 3041 quoque
1278 2948 1355 3023 Au·

139 3047 237 3220 {elus
264 3040 332 3112 Dei
351 3039 541 3134 genitricem
571 3056 667 3126 ,tanta
692 3037 920 3114 veneratione
954 3037 1097 3128 coluit,
1116 3038 1231 3137 inquit
1256 3041 1357 3119 idern

184 3135 340 3214 istoricus
361 3135 397 3206 in
422 3133 505 3227 Ipso
524 3134 546 3207 l.
573 3135 640 3209 ΙΙΙ.
664 3155 697 3208 c.
723 3157 780 3228 7.,
811 3152 847 3208 nr
872 3140 915 3210 ad
946 3140 1017 3207 e'us
1049 3138 1210 3230 imagines
1226 3136 1356 3225 ‘animo

137 3258 219 3339 pene
238 3237 449 3326 linqueretur,
468 3228 699 3324 plurimasque
712 3228 879 3325 imagines
891 3231 927 3302 in
944 3162 1031 3302 dinis
1048 3256 1145 3323 euro,
1169 3249 1201 3304 et
1217 3237 1359 3327 gemmis

142 3346 296 3414 ornatos,
323 3327 477 3399 adorandi
504 3326 605 3420 cansa
622 3327 828 3400 dedicaverit.
879 3347 911 3400 2.
936 3328 976 3399 In
1000 3324 1123 3400 sanetis
1156 3329 1361 3424 magnificis

141 3423 304 3506 ornandis
321 3419 463 3517 elogiis,
479 3417 704 3508 invocandis,
722 3444 913 3519 corumque
931 3422 1227 3500 intercessionibus
1242 3424 1357 3500 siden·-

141 3524 210 3616 do,
244 3541 365 3612 ornnes
395 3517 470 3590 sere
502 3513 707 3590 transierunt
738 3513 888 3593 limites:
931 3518 1017 3592 srcut
1049 3538 1087 3592 et
1124 3518 1162 3595 in
1193 3520 1359 3616 reliquiis

140 3616 409 3710 conquirendis,
444 3610 737 3709 transportandis,
768 3613 1003 3702 honorandis,
1039 3613 1229 3691 visitandis.
1280 3619 1356 3694 En·

141 3740 198 3796 em
220 3710 255 3788 la
283 3710 343 3810 qui
374 3706 490 3797 velit,
530 3709 632 3782 adeat
667 3708 887 3800 Batonium,
928 3730 965 3784 et
1003 3707 1138 3787 affatim
1175 3710 1359 3791 inveniet.

141 3741 386 3908 Reliquiarurn
418 3804 596 3878 inmensus
623 3803 735 3881 exstat
758 3807 933 3903 catalogus
956 3803 993 3882 in
1017 3808 1118 3882 brevi
1150 3812 1357 3886 narratione

142 3903 342 3991 monasterii
365 3899 653 3998 Windbergensts
678 3900 716 3976 in
740 3900 887 3978 navaria
909 3903 1001 3999 apud
1023 3902 1196 3990 Canilium
1227 3904 1356 4005 Antiq.

132 4005 242 4091 stit.
274 4020 360 4076 tom.
393 4000 457 4077 ΙΙΙ.
487 4020 523 4094 p.
555 3997 604 4073 ll.
656 3998 714 4072 De
742 3998 909 4094 portione
941 3999 1116 4098 sanguinis
1148 3999 1276 4076 Christi
1306 4007 1356 4079 ab

120 4106 296 4238 finiente
316 4096 449 4192 aden,
474 4111 513 4172 nt
531 4111 571 4174 ct
586 4090 632 4173 tle
652 4094 820 4195 sanguine
837 4095 1034 4177 Dominico
1049 4095 1164 4175 seculo
1175 4094 1361 4196 superiore

1213 4203 1365 4294 reperto
