3022 4806
642 556 748 635 Serus.
777 557 865 633 XII.

99 808 103 830 μ
177 723 378 802 tentio'lll.·
400 728 539 822 dicata,
578 729 754 805 Caesarius
786 731 1099 828 Heistirbacenfis,
1141 737 1178 812 in
1211 741 1352 841 dialogo

99 880 101 926 ἱ
172 817 405 925 miraculorum,
436 828 527 902 Asia
559 827 798 925 lnquisrtionis
838 829 1035 905 Tolosanae
1064 835 1153 929 apud
1188 838 1380 925 Limbur·,

99 985 100 1016 ζ
167 919 259 1012 pum,
285 921 368 1011 alii,
400 923 466 997 hos
494 921 659 997 homines
691 925 881 1020 depingunt
913 928 996 1000 atris
1038 931 1222 1004 admodum
1257 938 1353 1011 colo·

164 1015 256 1107 silus,
289 1037 452 1115 tanquam
479 1017 705 1094 manichaeos
739 1041 811 1091 non
847 1041 998 1112 tantum,
1031 1025 1088 1096 sed
1113 1044 1149 1096 et
1215 1028 1354 1107 effimae

162 1111 236 1186 vitae
259 1132 301 1186 ac
325 1136 476 1189 morum.
529 1116 750 1212 Traduntur,
783 1139 827 1186 ex
852 1138 903 1211 gr.
928 1147 964 1189 a.
990 1120 1102 1214 quoad
1134 1051 1353 1222 doiirinam,

158 1206 285 1283 tenuisse
320 1231 354 1284 1.
379 1209 465 1282 duos
500 1211 569 1286 elle
607 1211 705 1282 Deos
741 1229 778 1280 et
812 1212 1002 1304 Dominus,
1046 1237 1151 1288 unum
1192 1219 1344 1314 bonum,

153 1300 269 1378 Patrem
309 1303 458 1396 Christi,
490 1326 649 1380 autorem
682 1304 904 1377 invisibilium
939 1328 975 1379 et
1004 1309 1346 1408 incorruptibilium,

152 1400 279 1475 alterum
304 1402 514 1497 malignum,
546 1422 706 1475 autorem
731 1402 915 1474 tufibilium
949 1421 987 1476 et
1021 1408 1270 1502 corporalium,
1306 1412 1351 1487 il·
1400 1485 1402 1489 ,

151 1495 276 1594 sumque
293 1496 419 1584 Novi,
445 1497 538 1572 hunc
556 1496 723 1585 Veteris,
752 1495 972 1571 Testamenti
987 1520 1142 1573 autorem
1154 1526 1165 1591 3
1190 1507 1349 1604 adeoque
1369 1503 1371 1506 ’

151 1589 251 1668 Vetus
274 1589 432 1666 Testem.
466 1590 716 1688 repudiandum
750 1592 837 1682 elle,
878 1612 1014 1688 praeter
1047 1620 1176 1692 pauca,
1210 1602 1293 1677 inde
1326 1628 1348 1682 a
1400 1664 1404 1674 .

151 1686 250 1763 Novo
276 1686 377 1762 Test.
404 1691 602 1761 transumta.
654 1707 686 1760 2.
714 1686 888 1761 Christum
913 1711 985 1761 non
1009 1691 1184 1782 habuisse,
1217 1696 1255 1771 in
1288 1721 1349 1777 ves

149 1785 257 1874 ritate,
284 1780 404 1858 sedin
428 1781 652 1858 similitudine
676 1800 831 1873 tantum,
857 1804 1017 1876 camem3
1051 1788 1206 1884 adeoque
1229 1814 1343 1868 nece
1379 1874 1381 1883 ,

148 1878 278 1956 muliere
308 1897 450 1967 natum,
483 1900 548 1953 nec
578 1875 748 1969 Mariam,
781 1896 927 1952 matrem
951 1881 1118 1973 Domini,
1151 1885 1249 1959 aliam
1275 1886 1346 1965 esse

148 1997 177 2052 tc
195 1976 289 2052 suam
310 1973 522 2062 Ecclesiam,
555 1995 642 2069 quae
665 1972 825 2048 mandata
849 1972 934 2070 facit
968 1978 1089 2053 Patris.
1139 2002 1172 2074 3.
1208 1983 1344 2078 Corpus

147 2091 210 2147 rum
230 2067 524 2147 resurreaionem
550 2065 618 2140 effe
643 2071 790 2155 nullam,
824 2069 879 2141 sed
903 2090 1054 2167 corpora
1079 2072 1155 2147 sore
1189 2075 1346 2172 spiritua·

147 2165 192 2243 ia.
210 2231 213 2237 .
232 2189 271 2259 4.
293 2166 441 2241 Animas
465 2168 628 2240 humanas
653 2161 910 2259 elleSpiritu83
946 2166 1004 2260 qui
1037 2187 1183 2263 propter
1217 2194 1345 2268 pecca,
1385 2188 1388 2193 ·

147 2280 174 2337 ta
194 2262 237 2339 de
257 2262 363 2346 coelo¹
382 2259 597 2336 ceciderant.
1340 2324 1343 2329 .

183 2357 400 2530 pcxxnl.
427 2362 463 2444 β.
490 2356 594 2458 Quod
616 2355 658 2430 ad
682 2355 768 2429 titus
792 2373 828 2427 et
853 2352 1012 2431 instituta
1031 2355 1185 2449 adtinet,
1213 2382 1245 2437 1.
1271 2364 1344 2441 Ec<

146 2455 250 2530 tlc‘e
287 2454 469 2527 Romanae
500 2467 572 2526 n‘on
613 2452 719 2524 solum
759 2451 988 2537 sacramenta,
1031 2455 1218 2553 omnesque
1251 2459 1343 2536 ritus

144 2545 407 2639 lacemllicos,
439 2548 685 2716 repudiarunt,
718 2550 810 2642 quod
838 2570 915 2619 cum
943 2548 1186 2626 Waldensrbus
1210 2553 1341 2631 habuc·

142 2667 209 2724 tunt
232 2667 445 2734 commune,
484 2644 527 2716 ed
553 2663 590 2717 et
612 2644 724 2738 ipsum
753 2642 981 2738 baptismum,
1005 2661 1046 2716 ac
1073 2647 1344 2741 eucharistiam,

97 2806 99 2833 ,
140 2742 196 2820 sola
218 2761 362 2817 retenta
384 2738 796 2833 inpositione'manuum.
849 2742 995 2812 Crucem
1031 2763 1170 2837 quoque
1206 2744 1339 2839 sgnum

97 2856 99 2895 ³
140 2836 368 2915 detestandum
409 2834 553 2908 Diaboli
592 2832 815 2929 adpellarunt.
874 2856 906 2909 2.
949 2835 1122 2907 Ordinem
1164 2839 1340 2914 Ecclesiae

140 2933 314 3012 Romanae
345 2930 564 3026 rejecerunt,
600 2929 694 3001 omni
719 2929 799 3025 ipfis
822 2927 951 3024 ligandi
977 2948 1014 3000 et
1045 2930 1199 3004 solvendi
1233 2956 1344 3031 nega,

234 3026 381 3115 testate,
415 3048 494 3100 cum
520 3024 630 3098 essent
654 3045 867 3118 peccatores.
917 3045 948 3115 3.
975 3022 1040 3114 lpsr
1067 3023 1198 3100 induo
1229 3051 1344 3124 gener

176 3053 322 3206 istrum
345 3119 522 3210 diuinus,
549 3142 694 3216 quorum
719 3121 775 3194 alii
793 3139 891 3192 erant
912 3115 1071 3214 perfeslr,
1104 3122 1160 3193 seu
1190 3129 1337 3220 ,consula-

136 3149 167 3204 ta

136 3227 182 3315 tl,
220 3220 284 3320 qni
320 3217 429 3293 fidem
470 3236 507 3290 et
549 3214 756 3312 religionem
801 3237 922 3288 eorum
960 3214 1243 3310 profitebantur,
1299 3240 1338 3296 et

135 3336 319 3416 equorum
350 3333 495 3386 numero
525 3311 698 3385 habebant
727 3310 973 3407 Magistratus,
1007 3309 1188 3384 Diaconos
1219 3335 1257 3390 et
1288 3318 1336 3391 E·

135 3414 202 3512 pise
312 3407 444 3484 didos:
472 3406 529 3502 qui
554 3405 704 3503 perledli
733 3430 869 3501 qnoque
900 3404 1075 3501 speciatim
1109 3411 1225 3482 vocati
1261 3412 1343 3487 sunt,

136 3515 202 3587 lsai
298 3504 454 3582 'aest-de
477 3502 600 3600 quibus
625 3502 697 3578 vid.
724 3505 775 3576 Cl.
803 3502 1015 3598 Joecherus,
1039 3499 1217 3578 Professor
1243 3508 1342 3605 Lip··

135 3604 270 3695 sensis,
312 3603 350 3677 in
369 3621 446 3771 pro
487 3617 634 3675 ammate
670 3597 834 3673 debonis
872 3599 1076 3684 salmasius,
1114 3597 1157 3671 ad
1199 3603 1332 3681 calcem

136 3699 305 3778 &luitici
328 3696 368 3772 hi
400 3752 409 3772 .
488 3693 564 3769 cles.
591 3717 628 3792 p.
653 3695 739 3783 lll.,
764 3694 823 3769 alii
848 3715 933 3768 vero
950 3715 1031 3766 cum
1057 3692 1149 3767 hisce
1168 3693 1352 3786 fecerunt'

134 3803 272 3892 padum,
295 3794 380 3894 ipsrs
394 3790 526 3867 didlum
546 3787 802 3886 lutcunvenensu,
826 3788 1131 3880 convenientiam,
1150 3791 1184 3863 se
1202 3789 1331 3871 scilicet

138 3895 189 3970 sub
209 3894 307 3972 vitae
332 3891 445 3967 finem
464 3884 580 3984 re‘cipi
611 3889 701 3961 velle
721 3888 771 3959 ‘in
808 3909 930 3961 eorum
965 3883 1102 3960 sestam.
1151 3888 1333 3985 Receptio
1412 3896 1415 3903 '

138 3990 335 4086 munda,
358 3982 455 4069 dista
476 3985 720 4154 ltatt'tlicutiu,s
734 3982 800 4169 ipae
816 3983 954 4063 ratione
976 3983 1207 4082 peragebatur
1216 4005 1338 4172 ,fepptr1⁸
1406 4091 1416 4124 x
