3022 4806
135 634 206 710 8¹0
510 599 659 703 Idstoria
680 596 812 701 Eccles.
834 598 957 701 Christ.

139 809 256 865 tamen
274 779 560 872 etcolonienses,
580 782 727 879 aliique,
743 799 840 855 aures
854 781 1110 877 praebuerunt,
1123 782 1351 883 urbemque,

140 882 315 961 debellatis
337 882 542 954 Maurorum
567 884 702 973 copiis,
733 895 904 971 ceperunt
935 899 968 952 a.
999 884 1125 969 1218„
1146 884 1289 976 quando
1312 899 1352 952 et

140 982 193 1056 ill
232 984 306 1052 lent
335 976 404 1049 iter
439 973 534 1047 suum
575 973 761 1070 perlocuti.
816 972 941 1046 Statim
975 996 1018 1048 nc
1057 975 1096 1047 in
1127 975 1345 1049 Palaestinam

142 1075 336 1159 venillent,
361 1060 498 1167 sesequ'e
523 1069 705 1157 cruciatis,
732 1067 791 1164 qui
813 1068 865 1141 lbi
888 1088 1010 1158 erant,
1029 1067 1239 1165 junrillent,
1264 1092 1345 1144 con·

144 1172 252 1246 silium
282 1187 450 1262 ceperunt
481 1189 602 1239 ornnes
633 1188 728 1239 arma
763 1163 923 1237 vertendi
951 1184 1080 1239 contra
1108 1168 1342 1265 AEgyptum,

143 1267 237 1342 unde
260 1264 376 1335 omnia
406 1262 491 1331 mala
515 1282 550 1332 et
579 1259 731 1357 pericula
754 1259 966 1349 veniebant,
997 1260 1153 1358 illudque
1179 1284 1265 1337 mox
1289 1282 1343 1335 ex·

144 1364 253 1438 l'ecuti
279 1360 366 1430 sunt.
416 1360 503 1428 Cum
529 1377 645 1430 autem
674 1353 851 1441 Damiatr,
874 1354 1087 1464 abantiquo
1113 1358 1248 1431 Pelusio
1269 1378 1339 1452 pro·

144 1461 188 1534 bt
210 1454 472 1549 distinguenda,
504 1454 635 1549 quippe
664 1452 706 1525 ad
737 1448 922 1523 secundum
956 1450 1034 1524 Nilr
1058 1450 1187 1527 ostium
1214 1450 1337 1527 Taniti·

145 1576 223 1624 cum
250 1550 327 1638 sna,
361 1552 588 1644 praecipuum
614 1545 700 1619 ellet
719 1545 886 1641 AEgypu
909 1545 1191 1639 munimentum,
1222 1566 1258 1621 et
1276 1568 1336 1620 em·

129 1646 301 1743 ¹parium,
326 1666 400 1716 eam
427 1642 568 1738 adgrellt
594 1645 669 1714 sunt
692 1662 906 1737 oppugnare.
952 1641 1038 1715 Erat
1064 1648 1148 1719 urbs
1171 1641 1333 1719 munitiffi·

145 1766 224 1834 rna,
249 1742 465 1835 habebatque
479 1739 624 1825 turrim,
650 1758 738 1832 quae
752 1760 828 1825 400
841 1733 999 1831 capiebat
1013 1738 1250 1830 homines,iu
1263 1737 1332 1813 Nilo

143 1840 372 1924 aedificatam,
405 1854 441 1904 et
466 1837 551 1906 turri
578 1835 759 1907 Damiatae
783 1850 904 1903 catena
930 1830 1061 1925 ferrea,
1094 1857 1188 1929 quae
1210 1852 1329 1910 omnen

171 1936 353 2011 tohibebat
386 1928 528 2002 navium
568 1926 784 2015 introitum,
819 1927 1016 2023 adligatam.
1076 1929 1328 2027 Expugnarunt,

145 1962 228 2111 ficet
263 2051 333 2105 non
359 2023 429 2100 stne
443 2046 571 2120 magno
595 2025 733 2108 labore,
759 2042 795 2093 et
817 2025 914 2117 gravi
934 2024 1049 2113 clade,
1083 2025 1179 2099 hanc
1203 2025 1323 2111 turrim,

144 2150 266 2208 catena
292 2126 402 2199 ferrea
419 2139 581 2220 perrupta
596 2143 659 2218 per
682 2117 945 2205 Harlemenles3
970 2118 1085 2192 saltem
1104 2123 1197 2195 hauc
1210 2120 1325 2221 glorio

148 2228 213 2303 fibi
230 2223 468 2308 vindicarunt,
496 2235 531 2290 et
547 2224 620 2312 ejus
636 2217 822 2307 imaginem
837 2213 873 2283 in
893 2214 1046 2308 Templo
1063 2218 1217 2313 majore,
1238 2217 1325 2291 adlrt

146 2321 378 2402 adservatam,
402 2314 583 2386 exhibent.
632 2313 714 2409 Quo
733 2308 844 2396 foetu,
864 2308 986 2379 urbem
1004 2313 1067 2383 vix
1082 2310 1120 2383 in
1140 2312 1325 2407 potestaten

146 2416 306 2508 redigere
322 2426 529 2504 potuerunt,
554 2429 655 2494 cum,
680 2404 770 2499 quod
789 2404 1058 2477 numerosrffimo
1077 2408 1255 2482 Meledini
1272 2400 1325 2479 Sul·

145 2507 238 2596 tani,
262 2504 321 2602 qui
345 2502 543 2596 Saplradino
558 2501 648 2571 Patri
664 2495 888 2587 succellerat,
913 2505 1069 2574 exercitu
1087 2502 1324 2582 oblidereaturs

145 2626 240 2692 tum,
265 2597 486 2697 quodminus
507 2593 701 2668 concordes
718 2592 825 2667 ellent
849 2595 1015 2684 cruciati,
1035 2599 1175 2693 Legato
1190 2603 1328 2697 Papaetl

144 2697 320 2800 Bryennio
334 2693 377 2766 de
390 2691 626 2786 superioritate
644 2690 955 2777 contendentibus3
982 2711 1054 2764 tum
1069 2694 1242 2792 denique,
1257 2678 1327 2792 quod

146 2822 212 2901 per
243 2798 380 2890 longam
416 2787 650 2874 obsidionem,
682 2786 850 2857 continua
880 2808 958 2859 curn
989 2791 1172 2863 Saracenis
1204 2790 1328 2889 praelia·

146 2899 333 2974 multorum
365 2908 501 2983 quoque
529 2883 566 2958 in
590 2879 735 2980 patriam
760 2878 958 2971 discellum,
983 2884 1081 2955 valde
1106 2885 1273 2960 deminuti
1292 2872 1331 2951 ts·

145 2998 232 3070 sent.
280 2985 441 3060 Tandem
477 3002 613 3069 tamen,
639 2981 742 3051 novis
774 2976 936 3050 cruciatis
959 2979 1133 3052 continuo
1159 2970 1332 3056 accedenti·

146 3088 230 3175 bus,
254 3080 349 3153 urbis
371 3076 455 3150 faeti
479 3076 556 3150 sunt
578 3094 781 3169 compotes,
806 3070 882 3167 post
899 3073 1061 3169 ingentes
1078 3076 1194 3150 clades
1210 3078 1334 3151 celabo

145 3206 224 3270 res,
250 3173 428 3270 postquam
453 3172 648 3246 ottodecim
667 3168 799 3242 menses
815 3191 888 3240 eam
905 3167 1094 3241 tenuissent
1108 3172 1293 3249 obsessam:
1311 3185 1337 3237 θ·

147 3296 203 3355 rat
229 3275 324 3348 enim
351 3269 535 3343 utbsfame
551 3263 699 3360 erpelle
715 3262 790 3336 fere
808 3263 982 3337 exhausta.
1030 3268 1120 3338 Cum
1138 3290 1247 3360 vern,
1271 3266 1340 3345 urbe

147 3388 364 3468 expugnata,
389 3384 527 3439 veteres
558 3362 635 3436 lites
667 3359 759 3432 inter
782 3361 952 3454 Legatum
968 3361 1292 3458 Papae'Pelagium,
1312 3364 1346 3431 el

146 3490 268 3565 regem
299 3460 651 3558 llierololymitanum
691 3457 931 3550 Bryennium,
974 3459 1261 3537 vehementiores
1290 3461 1350 3535 fio·

145 3583 245 3650 rent,
270 3560 350 3631 Rex
375 3558 455 3631 inde
480 3558 514 3630 in
529 3553 661 3653 Syriam
678 3575 756 3625 cum
777 3554 841 3625 luis
857 3551 1026 3640 dilceffit,
1053 3573 1090 3624 et
1109 3557 1210 3630 multi
1228 3556 1359 3654 patria!

146 3655 367 3756 repetierunt
399 3672 519 3740 terras,
557 3650 645 3723 adeo
679 3669 717 3722 ut
749 3648 836 3720 nihil
871 3648 1015 3743 amplius
1047 3655 1205 3742 potuerit
1246 3640 1365 3729 effici·

146 3757 236 3842 Sed,
257 3769 381 3822 cuma.
403 3769 506 3819 1221.
532 3745 616 3817 novi
634 3742 778 3817 cruciati
793 3742 934 3831 ingente
950 3767 1097 3818 numero
1113 3747 1372 3829 advenillentae

144 3852 218 3952 ipse
242 3845 342 3918 etiam
366 3839 559 3937 Btyennius
580 3841 622 3912 ad
646 3839 819 3912 exercitus
843 3839 1073 3931 petitionem,
1099 3840 1375 3921 deliberationd

145 3943 322 4030 instituta,
348 3957 386 4011 et
418 3938 554 4031 Legato
588 3952 764 4031 urgente,
799 3950 837 4006 ut
859 3936 955 4010 reela
978 3937 1113 4009 Cairum
1143 3944 1376 4029 tenderentae

144 4048 321 4126 Sultanum
343 4056 453 4134 regno
468 4030 655 4128 privaturi,
679 4031 716 4106 in
734 4028 834 4124 ilud,
853 4033 1028 4108 renitente
1044 4036 1239 4132 Bryennio,
1265 4052 1376 4113 cont

1241 4132 1376 4211 sense*
