3022 4806
618 537 751 642 Serui.
773 542 880 622 XVI.
957 476 991 621 t>¹
1192 563 1196 570 '
1294 554 1373 650 673·

130 704 320 810 jerannenu
338 721 374 801 in
392 722 539 800 Oriente
554 718 717 799 interitus
732 746 798 821 per
814 721 951 797 Turcar
966 720 1044 797 Sec.
1062 719 1157 815 XV,
1178 724 1359 827 postquam

143 826 283 926 eclipfin
308 821 395 897 effer
420 818 549 915 palium
582 844 646 917 per
668 822 835 909 Latinos,
860 819 920 915 qui
943 816 1274 919 Constantinopolin
1300 848 1362 903 oc·

143 941 340 1021 cuparum,
365 919 482 1013 ibique
510 914 717 1013 aliquamdiu
739 933 945 1015 regnarunt.
991 931 1048 1006 stt
1066 917 1164 987 Inter
1183 920 1288 994 Casus
1302 923 1365 1018 Ju-

139 1018 291 1097 tiici'aler
326 1012 486 1111 inprimis
516 1019 866 1087 commemorandum
897 1008 950 1087 est
980 1011 1161 1107 judicium
1183 1014 1364 1099 ,terribilis
1393 1084 1411 1113 ,
1496 1064 1505 1082 .

136 1115 277 1205 Pestis,
299 1110 449 1208 quaein
474 1107 585 1181 China
607 1105 767 1204 incepit,
801 1125 840 1180 et
865 1128 927 1201 per
953 1105 1088 1197 Asiam,
1121 1107 1300 1207 Europam
1322 1132 1366 1193 ae

125 1234 128 1239 ⁴
149 1211 311 1290 Africam
326 1221 510 1304 pervagata
524 1202 575 1277 est
584 1228 597 1294 5
617 1227 777 1301 quaeque
793 1205 926 1298 quinque
943 1202 1087 1281 Mensea
1100 1210 1308 1305 praecipuis
1323 1211 1364 1289 in

147 1310 238 1385 locis
261 1305 407 1390 saeviit;
432 1300 566 1397 qualem
590 1298 724 1396 pestem
751 1300 856 1373 Orbis
882 1319 951 1371 non
967 1298 1062 1373 vidit
1079 1321 1145 1371 nec
1164 1321 1267 1392 ante,
1293 1328 1361 1382 nec

145 1400 229 1503 post
252 1401 322 1473 huc
347 1399 461 1493 usque.
515 1395 596 1469 Vid.
617 1397 845 1481 Merentem,
873 1395 929 1467 sed
954 1394 1059 1468 fustus
1075 1396 1268 1490 explicavit
1287 1403 1364 1476 De·

150 1498 301 1598 quignes
325 1494 418 1567 Prol.
444 1492 517 1563 LL.
536 1489 618 1564 00.
636 1492 739 1566 Paris.
759 1492 796 1564 in
813 1489 1062 1564 accuratiffima
1081 1490 1242 1567 Historia
1259 1496 1365 1570 Hun-

144 1616 280 1701 norum
308 1590 355 1664 Τ.
380 1590 449 1663 lV.
474 1588 516 1661 L.
540 1587 638 1663 XXI.
665 1586 760 1661 ada.
792 1608 899 1680 1347.
923 1607 993 1683 quo
1018 1605 1179 1683 ternpore
1202 1597 1362 1667 maxime

230 1707 283 1760 ut.
464 1743 467 1747 .
560 1752 563 1757 .
820 1755 824 1761 ,
1206 1724 1209 1729 -

144 1690 230 1882 [Ἴ.
259 1779 461 1855 DCXXVI.
486 1776 648 1886 Sequitur
661 1775 871 1872 Prophetica
901 1774 1078 1852 traciatio:
1105 1779 1164 1854 obi
1189 1782 1306 1877 primo
1323 1785 1367 1865 lie

150 1885 217 1958 ber
231 1879 412 1983 Sigillorum
430 1875 678 1983 inspiciendus·
689 1874 759 1962 eli,
782 1873 880 1982 cujus
895 1874 1027 1986 IVtum
1052 1873 1212 1971 Sigillum
1229 1880 1266 1954 in
1283 1885 1365 1957 ,ice-

152 1970 1366 2174 lttrtttllrlmlt„illititrtltltlttlilimtli:

154 2171 291 2253 terrae,
323 2185 409 2257 quae
441 2180 598 2234 mortuos
620 2161 827 2256 recipiebat.
879 2160 976 2232 Hurc
998 2161 1120 2256 Equiti
1141 2165 1292 2253 potestat
1314 2166 1368 2245 est

153 2265 235 2339 data
258 2276 414 2355 quartam
442 2277 555 2329 terrae
572 2278 707 2350 partem
724 2254 910 2329 occidendi
927 2257 1064 2352 gladio,
1086 2255 1180 2333 fame
1194 2277 1231 2332 et
1246 2261 1367 2358 peste,

151 2357 250 2531 ἕρπω
267 2353 364 2427 enim
382 2375 453 2426 vox
469 2351 603 2428 bllator
615 2350 663 2424 lbi
680 2345 854 2445 designat)
871 2371 912 2424 ac
929 2372 995 2446 per
1011 2351 1100 2429 letas
1116 2371 1240 2456 tetrae.
1261 2357 1368 2456 Quoi

190 2455 340 2560 mblema·
355 2449 521 2544 expingit
546 2446 737 2558 terribilem
761 2465 798 2519 et
820 2445 1042 2558 tyrannicum
1063 2450 1215 2561 aliqqem
1240 2453 1370 2533 Dumit

153 2539 1370 2746 rittiga&initiali{itt{rillzrlllitrgitr

152 2758 275 2816 rentur
293 2735 383 2808 mille
403 2752 554 2824 morter,
579 2732 808 2827 hominesque
833 2733 966 2824 gladio,
982 2733 1096 2825 fame,
1116 2733 1233 2827 peste,
1250 2759 1289 2814 et
1303 2760 1368 2835 per

153 2837 248 2913 ferar
262 2829 383 2907 bestias
398 2832 669 2903 absumerentur.
715 2828 773 2901 Ad
789 2827 861 2922 ejus
877 2826 1092 2901 intelleblum
1110 2827 1267 2907 sufficere
1285 2834 1368 2929 pose

155 2931 256 3019 sunt,
287 2949 374 3024 quae
407 2926 458 3001 Cl.
491 2924 657 3020 Vittinga
681 2922 810 2996 attulit.
861 2919 966 2996 addo
989 2940 1146 3013 tantum,
1182 2947 1253 3000 non
1278 2932 1369 3007 male

152 3027 303 3125 gladium
319 3044 457 3116 quoque
474 3018 597 3094 referri
618 3018 660 3094 ad
680 3017 843 3113 supplicia
866 3020 1029 3111 capitalia
1046 3042 1066 3093 a
1084 3021 1149 3095 Ma
1176 3017 1369 3107 istrata-in,

155 3122 333 3217 fligenda3
346 3114 448 3211 ferar
472 3117 513 3187 ad
533 3117 680 3207 Populos
697 3116 882 3204 Burbar0r3
906 3110 1029 3202 famem
1051 3135 1087 3188 et
1098 3042 1219 3212 pejffem
1235 3119 1274 3193 ad
1293 3123 1369 3199 vai

157 3218 323 3300 tationes,
347 3214 388 3286 ad
414 3210 629 3304 privationes
654 3213 852 3296 Bonorum,
876 3212 920 3284 ad
946 3208 1232 3288 incarcerationes
1255 3234 1293 3289 et
1310 3239 1370 3292 ea·

155 3336 233 3390 rum
256 3310 362 3397 mala,
384 3306 427 3379 ad
450 3303 665 3381 exclulioner
679 3308 721 3380 ab
736 3305 836 3379 omni
849 3305 1033 3381 hominum
1052 3305 1246 3399 consortio,
1265 3309 1370 3387 instar

156 3408 306 3488 Pellium
341 3405 489 3478 Terrae.
541 3398 728 3499 Quaeritur
754 3400 847 3496 jam,
873 3424 943 3497 quo
965 3402 1137 3498 pertineat
1158 3402 1370 3494 Emblema?

153 3506 211 3580 cl.
235 3499 422 3594 Vituriga,
446 3494 505 3594 qui
531 3495 628 3571 reete
648 3495 778 3570 refutat
804 3520 885 3586 eos,
909 3498 1035 3594 quide
1060 3518 1174 3571 morte
1199 3500 1371 3596 spirituali

157 3621 226 3700 per
249 3593 501 3669 Anticlrrislum
523 3592 718 3666 inducenda
733 3594 914 3686 cogitant,
941 3594 1062 3668 oculor
1077 3593 1188 3668 vertit
1209 3597 1253 3673 ad
1270 3600 1370 3675 Sarae

155 3713 329 3770 cenorum
354 3709 391 3762 et
416 3691 632 3775 Turcarum,
658 3686 862 3761 terribilium
889 3685 1019 3762 iliarum
1045 3688 1232 3781 Gentium,
1259 3690 1376 3787 vallaq

159 3789 298 3867 tiones:
324 3781 359 3856 in
374 3807 456 3881 quas
473 3784 652 3856 Emblema
668 3782 808 3880 quidem
827 3807 897 3857 non
914 3785 1184 3881 malequadrat:
1211 3808 1334 3863 veruna
1368 3842 1374 3857 ‚

505 3880 550 3954 Α.
576 3878 683 3953 Nulla
704 3877 812 3952 Ratio
832 3878 904 3970 est,
930 3881 1018 3955 lieo
1037 3882 1156 3956 tendat
1171 3880 1377 3979 Emblema‚¹

158 3975 249 4060 illud
264 3972 494 4089 restringendi
509 3974 551 4052 ad
566 3975 759 4051 Saracenos
775 3992 811 4048 et
828 3977 983 4070 Turcaa,
1001 3997 1148 4075 praeter
1161 3977 1384 4086 hypothetiu

211 4070 308 4153 m..
334 4072 398 4147 ll·
718 4068 865 4182 Quoi,
963 4163 971 4175 ,
1337 4076 1386 4169 re

1424 4390 1467 4520 l
