3022 4806
116 540 187 626 312
510 516 659 618 fflflmu
681 516 950 621 &erest-ciriss.

117 709 278 819 poditio,
318 716 486 801 r1249.
520 697 643 772 versut
673 698 887 797 AEgyptum
919 715 960 774 et
994 692 1213 785 mam,
1253 712 1339 793 quat

120 811 250 906 exiguo
273 798 388 873 labore
420 792 521 867 brevi
553 812 621 867 tem
651 817 713 866 ore
742 812 844 891 capta
876 791 948 884 est,
988 792 1119 893 quippe
1145 816 1167 867 a
1198 788 1339 865 civibur

120 928 160 985 et
192 896 352 977 militibus
382 884 534 978 defertu,
574 888 607 961 se
662 888 835 964 funestum
862 889 1006 964 exitum.
1062 888 1120 963 Ad
1149 884 1339 962 Meliorem

121 994 313 1099 progreffi,
338 986 484 1059 fluvium
509 986 545 1058 T
546 1007 670 1071 aueot,
694 987 779 1059 licet
799 1010 872 1060 nou
895 986 969 1060 fine
991 983 1171 1082 periculo,
1196 980 1337 1057 transse-

124 1113 228 1181 mnt,
251 1086 323 1163 aliis
353 1080 500 1167 relidit,
525 1079 583 1176 qui
607 1080 716 1156 castra
737 1101 941 1170 mereatum·
966 1080 1026 1155 sed
1053 1080 1168 1170 Galli,
1189 1079 1252 1176 qui
1266 1075 1334 1174 pri·

119 1189 171 1267 mi
198 1179 425 1263 transierunt,
465 1174 503 1247 in
527 1178 715 1250 Saracenos
738 1199 866 1273 magno
888 1176 1032 1273 inpetu,
1070 1176 1260 1249 admodum
1285 1174 1334 1247 io·

148 1283 333 1361 rudenter,
359 1292 430 1342 uon
454 1270 663 1366 exspediatis
685 1270 781 1361 aliia,
815 1270 1011 1363 irruerunt,
1041 1292 1080 1345 et
1103 1264 1330 1345 circumventi

120 1375 357 1456 interierunt:
399 1368 513 1455 unde,
545 1369 717 1440 acerrimo
744 1388 826 1441 mox
857 1385 936 1441 orto
960 1368 1117 1463 praelio,
1154 1366 1328 1463 ingentem

119 1471 203 1571 passi
227 1471 304 1546 sunt
330 1460 463 1538 cladem
490 1460 694 1551 Christiani,
718 1463 834 1535 locum
859 1480 896 1535 et
917 1461 1042 1536 statum
1059 1480 1199 1551 tameo,
1222 1462 1323 1535 incre·

122 1564 224 1643 dibili
251 1559 345 1657 regis
366 1560 515 1647 virtute,
538 1557 652 1631 adhuc
674 1557 775 1631 tuiti:
800 1556 915 1632 donec
939 1581 959 1631 a
981 1556 1163 1632 Saracenis
1187 1556 1320 1631 circum·

122 1661 245 1750 uenti,
269 1678 306 1731 et
329 1654 441 1728 inedia
462 1673 503 1724 ac
525 1656 647 1726 morbo
673 1652 868 1742 debilitati,
899 1652 1027 1749 partim
1049 1650 1180 1740 occifi,
1210 1652 1317 1748 partia

121 1757 217 1853 capti
239 1755 327 1837 fint;
367 1749 460 1820 inter
484 1766 605 1843 captos
630 1748 697 1819 fuit
722 1749 795 1844 ipse
812 1747 1030 1836 unaevitas,
1060 1771 1145 1822 cum
1167 1745 1317 1822 nouauiiit

122 1850 352 1946 Principibus.
403 1841 520 1951 Gessit
542 1861 658 1915 autem
684 1842 755 1916 sese
783 1843 865 1919 Rex
889 1844 927 1917 io
958 1839 1169 1939 captivitate
1199 1861 1315 1939 magur·

126 1951 292 2035 nimiter,
332 1960 398 2015 nec
424 1935 487 2011 nid
510 1961 547 2011 tn
570 1938 631 2010 has
653 1939 852 2012 consentire
875 1939 988 2014 voluit
1010 1937 1258 2028 coaditiouet,
1286 1949 1314 2007 ut

125 2066 195 2145 pro
217 2039 441 2140 captivorum
464 2027 683 2109 redem'tione
709 2034 946 2131 penderentur
968 2032 1051 2106 odio
1072 2034 1182 2109 miliia
1204 2034 1311 2132 Byzu·

123 2144 282 2215 tinorum
307 2137 575 2220 Saracenorum,
600 2131 658 2204 seu
686 2153 758 2219 400
782 2129 889 2204 miliia
916 2130 1079 2202 librarum
1108 2125 1311 2208 Gallicarum·

121 2258 191 2330 pro
216 2232 264 2304 sui
288 2250 373 2301 vero
388 2227 592 2298 liberatione
611 2223 813 2296 redderetur
844 2226 1028 2314 Damiata,
1053 2223 1312 2301 Christiania!

121 2325 288 2399 omnibus
309 2321 345 2393 in
372 2316 809 2406 edimentiadiscederent‚
833 2339 870 2391 et
885 2321 1013 2394 ,decem
1033 2340 1207 2395 annorum
1223 2316 1312 2397 effebi

119 2418 290 2495 induciae.
339 2341 421 2579 {ab
443 2410 546 2506 patto
573 2433 652 2484 cum
678 2414 819 2487 sultano
848 2416 960 2501 inito,
1001 2414 1150 2505 accidit,
1190 2426 1311 2490 atuor

121 2510 330 2590 interfodius
374 2505 462 2577 uerit
493 2507 652 2579 Sultanus
684 2507 986 2599 aMammelucis,
1021 2510 1148 2605 quibua
1169 2498 1312 2587 horiani

123 2606 304 2783 {anitzarii
323 2601 553 2698 respondent,
577 2601 797 2698 quibuscum,
815 2605 966 2678 nonsme
982 2604 1079 2677 vitae
1093 2606 1311 2704 novoperiu

139 2733 161 2781 o
184 2704 322 2805 podium
348 2718 518 2773 renovate
537 2697 654 2770 debuit
669 2698 882 2772 Ludovicus.
931 2699 1012 2772 Hac
1027 2699 1216 2778 rationein
1231 2702 1305 2794 uec

123 2827 210 2878 num
236 2803 332 2873 suum
358 2794 460 2868 rediit
485 2793 587 2883 Rex,
613 2793 768 2866 inmensa
791 2793 971 2868 hominum
996 2796 1100 2892 copia
1125 2796 1298 2893 intingit

122 2916 164 2971 to
189 2896 323 2978 deleta,
349 2910 387 2962 et
410 2911 464 2961 res
489 2891 645 2962 Orientis
664 2887 803 2985 reliquit
826 2891 1028 2984 desperatas.
1075 2890 1230 2967 Narrant
1243 2908 1293 2967 uui

122 2990 228 3078 nulli,
255 2983 575 3083 ipsumciborium‚
602 2988 658 3057 seu
674 2984 981 3072 &eucharistiam
1015 2984 1287 3081 oppignoraiiei

121 3083 268 3161 racenis.
317 3080 383 3153 Sed
402 3080 474 3153 hoc
489 3079 611 3154 fabulis
628 3079 678 3152 est
695 3080 1009 3166 adnumerandum,
1032 3102 1113 3154 cum
1132 3081 1281 3163 nemov

121 3201 238 3256 terum
263 3177 299 3251 id
326 3175 526 3263 tradiderit,
551 3192 586 3247 et
610 3173 721 3247 indoli
745 3174 839 3269 regis
863 3173 967 3247 nimis
990 3176 1216 3257 adversetur:
1238 3202 1271 3253 m

125 3275 224 3350 enim
260 3292 390 3347 mortes
414 3272 528 3366 potius
562 3267 713 3343 subiiffet
744 3267 981 3343 devotissimus
1009 3293 1104 3362 rex,
1138 3298 1241 3372 quam
1261 3274 1268 3343 ἶ

122 3387 254 3465 ageret.
303 3371 466 3440 Ceterum
493 3363 747 3459 descripserunt
768 3363 859 3437 hanc
883 3364 1045 3439 famosam
1068 3374 1259 3463 expeditior

121 3468 272 3539 Sanutus
303 3464 364 3538 lib.
392 3461 494 3551 xli,
527 3459 690 3556 Joinviile
720 3459 756 3533 in
788 3457 930 3533 historia
954 3463 1125 3537 Ludovici
1149 3468 1235 3560 IX„

120 3561 228 3636 lielm.
261 3555 399 3649 Nangis
430 3554 464 3627 in
489 3560 618 3630 Chron.
669 3556 752 3628 Fuit
774 3571 888 3629 autem
914 3557 1090 3652 Johannea
1113 3560 1160 3634 de
1182 3562 1246 3660 Joi‘

120 3659 153 3734 la
184 3673 302 3726 comes
334 3648 443 3743 Regis
466 3652 503 3722 in
528 3649 595 3721 hac
618 3647 869 3746 expeditione,
894 3654 1034 3748 ejusque
1059 3655 1170 3732 vitam
1196 3658 1239 3735 Gt

122 3744 348 3841 conscripsit,
383 3742 472 3816 notis
496 3743 693 3818 illustratam
716 3767 736 3817 a
759 3744 932 3819 Menardo
955 3768 991 3819 et
1014 3752 1161 3849 Carrgio.

165 3847 198 3949 ς.
222 3840 396 3919 CCLXX.
420 3838 501 3912 Rex
532 3841 614 3911 iicet
645 3861 714 3913 non
740 3837 803 3911 nist
829 3840 906 3934 post
931 3846 1030 3915 urbes
1053 3849 1225 3925 maritime

120 3942 308 4035 laestinae,
332 3959 414 4038 quaa
443 3932 629 4011 Christiani
651 3933 884 4032 posidebunt,
914 3938 1082 4032 munitas,
1106 3944 1221 4023 disces
