<?xml version="1.0" encoding="UTF-8"?>
<!DOCTYPE html PUBLIC "-//W3C//DTD XHTML 1.0 Transitional//EN"
    "http://www.w3.org/TR/xhtml1/DTD/xhtml1-transitional.dtd">
<html xmlns="http://www.w3.org/1999/xhtml" xml:lang="en" lang="en">
 <head>
  <title>
</title>
<meta http-equiv="Content-Type" content="text/html;charset=utf-8" />
  <meta name='ocr-system' content='tesseract 3.04.00' />
  <meta name='ocr-capabilities' content='ocr_page ocr_carea ocr_par ocr_line ocrx_word'/>
</head>
<body>
  <div class='ocr_page' id='page_1' title='image "./hermannivenemai00venegoog_0377.png"; bbox 0 0 3022 4806; ppageno 0'>
   <div class='ocr_carea' id='block_1_1' title="bbox 126 613 950 735">
    <p class='ocr_par' dir='ltr' id='par_1_1' title="bbox 126 613 950 735">
     <span class='ocr_line' id='line_1_1' title="bbox 126 613 950 735; baseline -0.038 -22"><span class='ocrx_word' id='word_1_1' title='bbox 126 652 201 735; x_wconf 69' lang='lat'>370</span> <span class='ocrx_word' id='word_1_2' title='bbox 507 617 656 721; x_wconf 63' lang='lat' dir='ltr'>inflatia</span> <span class='ocrx_word' id='word_1_3' title='bbox 681 613 809 716; x_wconf 80' lang='lat' dir='ltr'>Eccles.</span> <span class='ocrx_word' id='word_1_4' title='bbox 834 618 950 718; x_wconf 64' lang='lat' dir='ltr'>Christ,</span> 
     </span>
    </p>
   </div>
   <div class='ocr_carea' id='block_1_2' title="bbox 133 794 1429 2423">
    <p class='ocr_par' dir='ltr' id='par_1_2' title="bbox 133 794 1429 2423">
     <span class='ocr_line' id='line_1_2' title="bbox 133 794 1366 895; baseline -0.008 -9"><span class='ocrx_word' id='word_1_5' title='bbox 133 805 290 893; x_wconf 85' lang='lat' dir='ltr'>concilio</span> <span class='ocrx_word' id='word_1_6' title='bbox 314 797 604 888; x_wconf 82' lang='lat' dir='ltr'>Constantienle3</span> <span class='ocrx_word' id='word_1_7' title='bbox 629 797 768 895; x_wconf 91' lang='lat' dir='ltr'>quando</span> <span class='ocrx_word' id='word_1_8' title='bbox 793 794 906 872; x_wconf 82' lang='lat' dir='ltr'>variae</span> <span class='ocrx_word' id='word_1_9' title='bbox 926 795 1069 875; x_wconf 76' lang='lat' dir='ltr'>etellae</span> <span class='ocrx_word' id='word_1_10' title='bbox 1092 795 1171 874; x_wconf 85' lang='lat' dir='ltr'>sunt</span> <span class='ocrx_word' id='word_1_11' title='bbox 1197 799 1366 895; x_wconf 84' lang='lat' dir='ltr'>l&#39;clrolae,</span> 
     </span>
     <span class='ocr_line' id='line_1_3' title="bbox 135 894 1364 996; baseline -0.001 -21"><span class='ocrx_word' id='word_1_12' title='bbox 135 907 228 981; x_wconf 83' lang='lat' dir='ltr'>unde</span> <span class='ocrx_word' id='word_1_13' title='bbox 262 902 330 976; x_wconf 88' lang='lat' dir='ltr'>viri</span> <span class='ocrx_word' id='word_1_14' title='bbox 357 896 495 996; x_wconf 84' lang='lat' dir='ltr'><strong>egregii</strong></span> <span class='ocrx_word' id='word_1_15' title='bbox 520 897 594 970; x_wconf 88' lang='lat' dir='ltr'>sunt</span> <span class='ocrx_word' id='word_1_16' title='bbox 621 896 714 979; x_wconf 90' lang='lat' dir='ltr'>orti,</span> <span class='ocrx_word' id='word_1_17' title='bbox 740 894 837 967; x_wconf 87' lang='lat' dir='ltr'>inter</span> <span class='ocrx_word' id='word_1_18' title='bbox 861 918 946 991; x_wconf 82' lang='lat' dir='ltr'>quot</span> <span class='ocrx_word' id='word_1_19' title='bbox 970 897 1133 970; x_wconf 77' lang='lat' dir='ltr'>Erasmus</span> <span class='ocrx_word' id='word_1_20' title='bbox 1155 896 1238 971; x_wconf 90' lang='lat' dir='ltr'>luit.</span> <span class='ocrx_word' id='word_1_21' title='bbox 1282 903 1364 974; x_wconf 78' lang='lat' dir='ltr'>Fra·</span> 
     </span>
     <span class='ocr_line' id='line_1_4' title="bbox 137 989 1364 1086; baseline -0.005 -11"><span class='ocrx_word' id='word_1_22' title='bbox 137 1019 212 1076; x_wconf 83' lang='lat' dir='ltr'>tres</span> <span class='ocrx_word' id='word_1_23' title='bbox 241 1019 311 1072; x_wconf 90' lang='lat' dir='ltr'>non</span> <span class='ocrx_word' id='word_1_24' title='bbox 341 1014 441 1068; x_wconf 87' lang='lat' dir='ltr'>eraut</span> <span class='ocrx_word' id='word_1_25' title='bbox 465 992 625 1065; x_wconf 89' lang='lat' dir='ltr'>canonici</span> <span class='ocrx_word' id='word_1_26' title='bbox 657 993 850 1086; x_wconf 78' lang='lat' dir='ltr'>regulares,</span> <span class='ocrx_word' id='word_1_27' title='bbox 879 989 936 1063; x_wconf 86' lang='lat' dir='ltr'>sed</span> <span class='ocrx_word' id='word_1_28' title='bbox 969 993 1114 1081; x_wconf 76' lang='lat' dir='ltr'>Clerici,</span> <span class='ocrx_word' id='word_1_29' title='bbox 1150 996 1251 1066; x_wconf 90' lang='lat' dir='ltr'>nullo</span> <span class='ocrx_word' id='word_1_30' title='bbox 1273 1019 1364 1069; x_wconf 84' lang='lat' dir='ltr'>voto</span> 
     </span>
     <span class='ocr_line' id='line_1_5' title="bbox 142 1085 1363 1190; baseline -0.003 -19"><span class='ocrx_word' id='word_1_31' title='bbox 142 1092 307 1190; x_wconf 85' lang='lat' dir='ltr'>obligati,</span> <span class='ocrx_word' id='word_1_32' title='bbox 338 1094 430 1164; x_wconf 89' lang='lat' dir='ltr'>bona</span> <span class='ocrx_word' id='word_1_33' title='bbox 461 1090 498 1161; x_wconf 89' lang='lat' dir='ltr'>in</span> <span class='ocrx_word' id='word_1_34' title='bbox 531 1110 716 1161; x_wconf 86' lang='lat' dir='ltr'>commuue</span> <span class='ocrx_word' id='word_1_35' title='bbox 750 1085 975 1178; x_wconf 87' lang='lat' dir='ltr'>deferebant,</span> <span class='ocrx_word' id='word_1_36' title='bbox 999 1088 1058 1176; x_wconf 86' lang='lat' dir='ltr'>et,</span> <span class='ocrx_word' id='word_1_37' title='bbox 1083 1086 1130 1176; x_wconf 89' lang='lat' dir='ltr'>li,</span> <span class='ocrx_word' id='word_1_38' title='bbox 1153 1092 1251 1185; x_wconf 86' lang='lat' dir='ltr'>quod</span> <span class='ocrx_word' id='word_1_39' title='bbox 1280 1091 1363 1166; x_wconf 80' lang='lat' dir='ltr'>IIce·</span> 
     </span>
     <span class='ocr_line' id='line_1_6' title="bbox 138 1183 1363 1280; baseline -0.002 -17"><span class='ocrx_word' id='word_1_40' title='bbox 138 1192 220 1279; x_wconf 86' lang='lat' dir='ltr'>bat,</span> <span class='ocrx_word' id='word_1_41' title='bbox 244 1184 515 1280; x_wconf 81' lang='lat' dir='ltr'>congregationi</span> <span class='ocrx_word' id='word_1_42' title='bbox 541 1183 806 1269; x_wconf 85' lang='lat' dir='ltr'>renunciarent,</span> <span class='ocrx_word' id='word_1_43' title='bbox 833 1186 925 1255; x_wconf 89' lang='lat' dir='ltr'>bona</span> <span class='ocrx_word' id='word_1_44' title='bbox 951 1184 1148 1279; x_wconf 83' lang='lat' dir='ltr'>relinquere</span> <span class='ocrx_word' id='word_1_45' title='bbox 1174 1186 1363 1262; x_wconf 82' lang='lat' dir='ltr'>debebant.</span> 
     </span>
     <span class='ocr_line' id='line_1_7' title="bbox 140 1277 1363 1380; baseline -0.002 -23"><span class='ocrx_word' id='word_1_46' title='bbox 140 1286 315 1380; x_wconf 90' lang='lat' dir='ltr'>Occupati</span> <span class='ocrx_word' id='word_1_47' title='bbox 348 1299 464 1351; x_wconf 89' lang='lat' dir='ltr'>autem</span> <span class='ocrx_word' id='word_1_48' title='bbox 498 1297 597 1350; x_wconf 88' lang='lat' dir='ltr'>erant</span> <span class='ocrx_word' id='word_1_49' title='bbox 630 1279 767 1349; x_wconf 85' lang='lat' dir='ltr'>Parrum</span> <span class='ocrx_word' id='word_1_50' title='bbox 801 1278 936 1372; x_wconf 82' lang='lat' dir='ltr'>scriptis</span> <span class='ocrx_word' id='word_1_51' title='bbox 961 1277 1222 1369; x_wconf 80' lang='lat' dir='ltr'>describendis,</span> <span class='ocrx_word' id='word_1_52' title='bbox 1248 1301 1285 1354; x_wconf 92' lang='lat' dir='ltr'>et</span> <span class='ocrx_word' id='word_1_53' title='bbox 1306 1283 1363 1379; x_wconf 87' lang='lat' dir='ltr'>ju·</span> 
     </span>
     <span class='ocr_line' id='line_1_8' title="bbox 140 1371 1363 1460; baseline -0.002 -5"><span class='ocrx_word' id='word_1_54' title='bbox 140 1397 294 1455; x_wconf 86' lang='lat' dir='ltr'>ventute</span> <span class='ocrx_word' id='word_1_55' title='bbox 321 1371 535 1447; x_wconf 86' lang='lat' dir='ltr'>instituenda</span> <span class='ocrx_word' id='word_1_56' title='bbox 562 1375 599 1446; x_wconf 86' lang='lat' dir='ltr'>in</span> <span class='ocrx_word' id='word_1_57' title='bbox 627 1372 752 1445; x_wconf 86' lang='lat' dir='ltr'>litteris</span> <span class='ocrx_word' id='word_1_58' title='bbox 775 1372 1058 1460; x_wconf 74' lang='lat' dir='ltr'>humanioribus,</span> <span class='ocrx_word' id='word_1_59' title='bbox 1082 1393 1117 1444; x_wconf 92' lang='lat' dir='ltr'>et</span> <span class='ocrx_word' id='word_1_60' title='bbox 1136 1378 1235 1449; x_wconf 89' lang='lat' dir='ltr'>vitae</span> <span class='ocrx_word' id='word_1_61' title='bbox 1250 1377 1363 1452; x_wconf 86' lang='lat' dir='ltr'>Chris·</span> 
     </span>
     <span class='ocr_line' id='line_1_9' title="bbox 143 1467 1361 1568; baseline 0 -20"><span class='ocrx_word' id='word_1_62' title='bbox 143 1477 262 1549; x_wconf 83' lang='lat' dir='ltr'>tianae</span> <span class='ocrx_word' id='word_1_63' title='bbox 297 1468 511 1565; x_wconf 77' lang='lat' dir='ltr'>praeceptis:</span> <span class='ocrx_word' id='word_1_64' title='bbox 546 1469 694 1542; x_wconf 88' lang='lat' dir='ltr'>undeet</span> <span class='ocrx_word' id='word_1_65' title='bbox 714 1467 848 1563; x_wconf 76' lang='lat' dir='ltr'>fratres</span> <span class='ocrx_word' id='word_1_66' title='bbox 871 1471 971 1541; x_wconf 77' lang='lat' dir='ltr'>bonae</span> <span class='ocrx_word' id='word_1_67' title='bbox 996 1470 1173 1543; x_wconf 76' lang='lat' dir='ltr'>voluntatis</span> <span class='ocrx_word' id='word_1_68' title='bbox 1199 1471 1361 1568; x_wconf 77' lang='lat' dir='ltr'>adpellari</span> 
     </span>
     <span class='ocr_line' id='line_1_10' title="bbox 139 1563 1357 1664; baseline -0.003 -18"><span class='ocrx_word' id='word_1_69' title='bbox 139 1570 231 1646; x_wconf 84' lang='lat' dir='ltr'>sunt.</span> <span class='ocrx_word' id='word_1_70' title='bbox 281 1568 447 1639; x_wconf 89' lang='lat' dir='ltr'>Ceterum</span> <span class='ocrx_word' id='word_1_71' title='bbox 474 1584 575 1638; x_wconf 89' lang='lat' dir='ltr'>autor</span> <span class='ocrx_word' id='word_1_72' title='bbox 599 1563 880 1661; x_wconf 77' lang='lat' dir='ltr'>congregationis</span> <span class='ocrx_word' id='word_1_73' title='bbox 904 1563 972 1636; x_wconf 89' lang='lat' dir='ltr'>fuit</span> <span class='ocrx_word' id='word_1_74' title='bbox 993 1565 1167 1638; x_wconf 86' lang='lat' dir='ltr'>Gerardus</span> <span class='ocrx_word' id='word_1_75' title='bbox 1185 1568 1357 1664; x_wconf 76' lang='lat' dir='ltr'>Magnus,</span> 
     </span>
     <span class='ocr_line' id='line_1_11' title="bbox 141 1659 1358 1759; baseline -0.001 -20"><span class='ocrx_word' id='word_1_76' title='bbox 141 1667 223 1741; x_wconf 75' lang='lat' dir='ltr'>aliar</span> <span class='ocrx_word' id='word_1_77' title='bbox 256 1662 368 1748; x_wconf 88' lang='lat' dir='ltr'>Grot,</span> <span class='ocrx_word' id='word_1_78' title='bbox 394 1661 590 1734; x_wconf 86' lang='lat' dir='ltr'>Daventtia</span> <span class='ocrx_word' id='word_1_79' title='bbox 620 1661 809 1748; x_wconf 77' lang='lat' dir='ltr'>oriundus,</span> <span class='ocrx_word' id='word_1_80' title='bbox 844 1659 1004 1748; x_wconf 72' lang='lat' dir='ltr'>Dodior,</span> <span class='ocrx_word' id='word_1_81' title='bbox 1031 1659 1244 1759; x_wconf 84' lang='lat' dir='ltr'>Theologus</span> <span class='ocrx_word' id='word_1_82' title='bbox 1273 1666 1358 1739; x_wconf 86' lang='lat' dir='ltr'>Pari·</span> 
     </span>
     <span class='ocr_line' id='line_1_12' title="bbox 144 1753 1358 1852; baseline -0.002 -15"><span class='ocrx_word' id='word_1_83' title='bbox 144 1757 281 1848; x_wconf 79' lang='lat' dir='ltr'>lienfia,</span> <span class='ocrx_word' id='word_1_84' title='bbox 324 1775 361 1831; x_wconf 90' lang='lat' dir='ltr'>et</span> <span class='ocrx_word' id='word_1_85' title='bbox 406 1757 604 1829; x_wconf 80' lang='lat' dir='ltr'>CanonIcus</span> <span class='ocrx_word' id='word_1_86' title='bbox 664 1753 924 1847; x_wconf 77' lang='lat' dir='ltr'>Ultrajettensu</span> <span class='ocrx_word' id='word_1_87' title='bbox 962 1778 1004 1830; x_wconf 88' lang='lat' dir='ltr'>ac</span> <span class='ocrx_word' id='word_1_88' title='bbox 1041 1756 1358 1852; x_wconf 76' lang='lat' dir='ltr'>nquilgmnensu,</span> 
     </span>
     <span class='ocr_line' id='line_1_13' title="bbox 143 1849 1358 1950; baseline 0.001 -21"><span class='ocrx_word' id='word_1_89' title='bbox 143 1875 302 1934; x_wconf 72' lang='lat' dir='ltr'>mortuus</span> <span class='ocrx_word' id='word_1_90' title='bbox 323 1875 355 1926; x_wconf 89' lang='lat' dir='ltr'>a.</span> <span class='ocrx_word' id='word_1_91' title='bbox 386 1858 489 1944; x_wconf 81' lang='lat'>1384.</span> <span class='ocrx_word' id='word_1_92' title='bbox 539 1851 646 1924; x_wconf 89' lang='lat' dir='ltr'>Varia</span> <span class='ocrx_word' id='word_1_93' title='bbox 673 1849 831 1922; x_wconf 83' lang='lat' dir='ltr'>condidit</span> <span class='ocrx_word' id='word_1_94' title='bbox 856 1872 979 1944; x_wconf 90' lang='lat' dir='ltr'>opera,</span> <span class='ocrx_word' id='word_1_95' title='bbox 1007 1854 1196 1926; x_wconf 81' lang='lat' dir='ltr'>maximam</span> <span class='ocrx_word' id='word_1_96' title='bbox 1227 1879 1358 1950; x_wconf 87' lang='lat' dir='ltr'>partem</span> 
     </span>
     <span class='ocr_line' id='line_1_14' title="bbox 145 1942 1357 2041; baseline -0.002 -13"><span class='ocrx_word' id='word_1_97' title='bbox 145 1952 291 2030; x_wconf 86' lang='lat' dir='ltr'>inedita.</span> <span class='ocrx_word' id='word_1_98' title='bbox 342 1947 518 2021; x_wconf 90' lang='lat' dir='ltr'>Nonnulla</span> <span class='ocrx_word' id='word_1_99' title='bbox 550 1945 712 2041; x_wconf 85' lang='lat' dir='ltr'>opuscula</span> <span class='ocrx_word' id='word_1_100' title='bbox 741 1942 799 2017; x_wconf 87' lang='lat' dir='ltr'>edi</span> <span class='ocrx_word' id='word_1_101' title='bbox 832 1943 945 2018; x_wconf 88' lang='lat' dir='ltr'>solent</span> <span class='ocrx_word' id='word_1_102' title='bbox 976 1968 1057 2020; x_wconf 88' lang='lat' dir='ltr'>cum</span> <span class='ocrx_word' id='word_1_103' title='bbox 1088 1946 1256 2040; x_wconf 86' lang='lat' dir='ltr'>operibus</span> <span class='ocrx_word' id='word_1_104' title='bbox 1288 1953 1357 2025; x_wconf 92' lang='lat' dir='ltr'>To·</span> 
     </span>
     <span class='ocr_line' id='line_1_15' title="bbox 145 2038 1368 2143; baseline -0.002 -19"><span class='ocrx_word' id='word_1_105' title='bbox 145 2072 226 2125; x_wconf 85' lang='lat' dir='ltr'>roae</span> <span class='ocrx_word' id='word_1_106' title='bbox 256 2041 456 2138; x_wconf 84' lang='lat' dir='ltr'>aKempit:</span> <span class='ocrx_word' id='word_1_107' title='bbox 483 2040 543 2139; x_wconf 88' lang='lat' dir='ltr'>qui</span> <span class='ocrx_word' id='word_1_108' title='bbox 577 2038 747 2130; x_wconf 84' lang='lat' dir='ltr'>Gerardi,</span> <span class='ocrx_word' id='word_1_109' title='bbox 781 2059 819 2113; x_wconf 90' lang='lat' dir='ltr'>et</span> <span class='ocrx_word' id='word_1_110' title='bbox 843 2041 987 2114; x_wconf 85' lang='lat' dir='ltr'>aliorum</span> <span class='ocrx_word' id='word_1_111' title='bbox 1015 2045 1236 2136; x_wconf 85' lang='lat' dir='ltr'>quorundam</span> <span class='ocrx_word' id='word_1_112' title='bbox 1262 2048 1368 2143; x_wconf 61' lang='lat' dir='ltr'>iulg,</span> 
     </span>
     <span class='ocr_line' id='line_1_16' title="bbox 146 2135 1429 2237; baseline -0.002 -18"><span class='ocrx_word' id='word_1_113' title='bbox 146 2142 241 2220; x_wconf 87' lang='lat' dir='ltr'>nium</span> <span class='ocrx_word' id='word_1_114' title='bbox 261 2138 541 2237; x_wconf 79' lang='lat' dir='ltr'>congregationis</span> <span class='ocrx_word' id='word_1_115' title='bbox 561 2137 734 2225; x_wconf 88' lang='lat' dir='ltr'>vitorum,</span> <span class='ocrx_word' id='word_1_116' title='bbox 760 2135 849 2209; x_wconf 83' lang='lat' dir='ltr'>vitat</span> <span class='ocrx_word' id='word_1_117' title='bbox 867 2137 1079 2231; x_wconf 82' lang='lat' dir='ltr'>conseripsit.</span> <span class='ocrx_word' id='word_1_118' title='bbox 1128 2139 1219 2213; x_wconf 90' lang='lat' dir='ltr'>Vid.</span> <span class='ocrx_word' id='word_1_119' title='bbox 1236 2144 1278 2214; x_wconf 87' lang='lat' dir='ltr'>de</span> <span class='ocrx_word' id='word_1_120' title='bbox 1296 2148 1355 2217; x_wconf 81' lang='lat' dir='ltr'>liae</span> <span class='ocrx_word' id='word_1_121' title='bbox 1427 2160 1429 2165; x_wconf 82' lang='lat'>·</span> 
     </span>
     <span class='ocr_line' id='line_1_17' title="bbox 145 2231 1352 2404; baseline -0.002 -91"><span class='ocrx_word' id='word_1_122' title='bbox 145 2238 423 2404; x_wconf 41' lang='lat' dir='ltr'>congregazione</span> <span class='ocrx_word' id='word_1_123' title='bbox 446 2238 620 2309; x_wconf 84' lang='lat' dir='ltr'>Pennotus</span> <span class='ocrx_word' id='word_1_124' title='bbox 644 2233 720 2307; x_wconf 70' lang='lat' dir='ltr'>hill</span> <span class='ocrx_word' id='word_1_125' title='bbox 747 2231 938 2327; x_wconf 84' lang='lat' dir='ltr'>tripartitae</span> <span class='ocrx_word' id='word_1_126' title='bbox 956 2236 978 2306; x_wconf 93' lang='lat' dir='ltr'>l.</span> <span class='ocrx_word' id='word_1_127' title='bbox 1002 2235 1070 2323; x_wconf 92' lang='lat' dir='ltr'>Il.,</span> <span class='ocrx_word' id='word_1_128' title='bbox 1092 2253 1131 2306; x_wconf 90' lang='lat' dir='ltr'>et</span> <span class='ocrx_word' id='word_1_129' title='bbox 1150 2238 1352 2313; x_wconf 81' lang='lat' dir='ltr'>Miaaeusio</span> 
     </span>
     <span class='ocr_line' id='line_1_18' title="bbox 147 2336 535 2423; baseline -0.018 -11"><span class='ocrx_word' id='word_1_130' title='bbox 147 2336 324 2413; x_wconf 79' lang='lat' dir='ltr'>chrona</span> <span class='ocrx_word' id='word_1_131' title='bbox 368 2355 398 2405; x_wconf 88' lang='lat' dir='ltr'>a.</span> <span class='ocrx_word' id='word_1_132' title='bbox 430 2337 535 2423; x_wconf 86' lang='lat'><strong>1384.</strong></span> 
     </span>
    </p>
   </div>
   <div class='ocr_carea' id='block_1_3' title="bbox 466 2514 1060 2594">
    <p class='ocr_par' dir='ltr' id='par_1_3' title="bbox 466 2514 1060 2594">
     <span class='ocr_line' id='line_1_19' title="bbox 466 2514 1060 2594; baseline 0.008 -6"><span class='ocrx_word' id='word_1_133' title='bbox 466 2514 744 2589; x_wconf 87' lang='lat' dir='ltr'><strong>DISCIPLINA</strong></span> <span class='ocrx_word' id='word_1_134' title='bbox 767 2515 836 2590; x_wconf 92' lang='lat' dir='ltr'>ET</span> <span class='ocrx_word' id='word_1_135' title='bbox 860 2517 1060 2594; x_wconf 82' lang='lat' dir='ltr'><strong>SYNODI.</strong></span> 
     </span>
    </p>
   </div>
   <div class='ocr_carea' id='block_1_4' title="bbox 147 2705 1431 4052">
    <p class='ocr_par' dir='ltr' id='par_1_4' title="bbox 147 2705 1431 4052">
     <span class='ocr_line' id='line_1_20' title="bbox 197 2705 1345 2813; baseline 0.001 -24"><span class='ocrx_word' id='word_1_136' title='bbox 197 2713 230 2813; x_wconf 59' lang='lat' dir='ltr'>I.</span> <span class='ocrx_word' id='word_1_137' title='bbox 257 2707 506 2789; x_wconf 88' lang='lat' dir='ltr'><strong>CCCXXVII.</strong></span> <span class='ocrx_word' id='word_1_138' title='bbox 531 2708 588 2781; x_wconf 95' lang='lat' dir='ltr'>De</span> <span class='ocrx_word' id='word_1_139' title='bbox 613 2705 895 2804; x_wconf 83' lang='lat' dir='ltr'>disciplinatum</span> <span class='ocrx_word' id='word_1_140' title='bbox 920 2707 1069 2785; x_wconf 88' lang='lat' dir='ltr'>seculum</span> <span class='ocrx_word' id='word_1_141' title='bbox 1097 2713 1254 2789; x_wconf 83' lang='lat' dir='ltr'>nostrum</span> <span class='ocrx_word' id='word_1_142' title='bbox 1274 2715 1345 2794; x_wconf 82' lang='lat' dir='ltr'>nilul</span> 
     </span>
     <span class='ocr_line' id='line_1_21' title="bbox 150 2803 1344 2910; baseline 0.008 -37"><span class='ocrx_word' id='word_1_143' title='bbox 150 2811 366 2910; x_wconf 71' lang='lat' dir='ltr'>suppeditet,</span> <span class='ocrx_word' id='word_1_144' title='bbox 403 2822 522 2879; x_wconf 88' lang='lat' dir='ltr'>notatu</span> <span class='ocrx_word' id='word_1_145' title='bbox 556 2803 718 2899; x_wconf 89' lang='lat' dir='ltr'>dignum,</span> <span class='ocrx_word' id='word_1_146' title='bbox 754 2826 891 2899; x_wconf 88' lang='lat' dir='ltr'>praeter</span> <span class='ocrx_word' id='word_1_147' title='bbox 924 2808 1005 2878; x_wconf 90' lang='lat' dir='ltr'>illud</span> <span class='ocrx_word' id='word_1_148' title='bbox 1041 2832 1167 2897; x_wconf 92' lang='lat' dir='ltr'>unum,</span> <span class='ocrx_word' id='word_1_149' title='bbox 1201 2817 1290 2908; x_wconf 88' lang='lat' dir='ltr'>quod</span> <span class='ocrx_word' id='word_1_150' title='bbox 1319 2817 1344 2886; x_wconf 90' lang='lat' dir='ltr'>in</span> 
     </span>
     <span class='ocr_line' id='line_1_22' title="bbox 148 2900 1431 3006; baseline 0.004 -26"><span class='ocrx_word' id='word_1_151' title='bbox 148 2910 303 3006; x_wconf 87' lang='lat' dir='ltr'>urgenda</span> <span class='ocrx_word' id='word_1_152' title='bbox 334 2900 563 3000; x_wconf 84' lang='lat' dir='ltr'>inquisitione</span> <span class='ocrx_word' id='word_1_153' title='bbox 587 2907 810 2996; x_wconf 86' lang='lat' dir='ltr'>pertexerint</span> <span class='ocrx_word' id='word_1_154' title='bbox 836 2903 967 2996; x_wconf 86' lang='lat' dir='ltr'>Papae,</span> <span class='ocrx_word' id='word_1_155' title='bbox 996 2923 1032 2973; x_wconf 90' lang='lat' dir='ltr'>et</span> <span class='ocrx_word' id='word_1_156' title='bbox 1060 2904 1299 3001; x_wconf 84' lang='lat' dir='ltr'>lnquifirotes,</span> <span class='ocrx_word' id='word_1_157' title='bbox 1319 2923 1347 2980; x_wconf 85' lang='lat' dir='ltr'>ut</span> <span class='ocrx_word' id='word_1_158' title='bbox 1428 2980 1431 2985; x_wconf 90' lang='lat'>.</span> 
     </span>
     <span class='ocr_line' id='line_1_23' title="bbox 147 2992 1352 3096; baseline -0.002 -17"><span class='ocrx_word' id='word_1_159' title='bbox 147 3003 185 3079; x_wconf 85' lang='lat' dir='ltr'>in</span> <span class='ocrx_word' id='word_1_160' title='bbox 212 3005 466 3077; x_wconf 88' lang='lat' dir='ltr'>haereticorum</span> <span class='ocrx_word' id='word_1_161' title='bbox 493 2992 631 3070; x_wconf 86' lang='lat' dir='ltr'>historia</span> <span class='ocrx_word' id='word_1_162' title='bbox 656 2996 867 3085; x_wconf 82' lang='lat' dir='ltr'>videbimus,</span> <span class='ocrx_word' id='word_1_163' title='bbox 899 2995 1017 3069; x_wconf 90' lang='lat' dir='ltr'>conati</span> <span class='ocrx_word' id='word_1_164' title='bbox 1042 3022 1182 3096; x_wconf 90' lang='lat' dir='ltr'>quoque</span> <span class='ocrx_word' id='word_1_165' title='bbox 1208 3003 1273 3079; x_wconf 85' lang='lat' dir='ltr'>sint</span> <span class='ocrx_word' id='word_1_166' title='bbox 1297 3014 1352 3080; x_wconf 87' lang='lat' dir='ltr'>not</span> 
     </span>
     <span class='ocr_line' id='line_1_24' title="bbox 150 3090 1359 3198; baseline -0.002 -28"><span class='ocrx_word' id='word_1_167' title='bbox 150 3100 300 3175; x_wconf 83' lang='lat' dir='ltr'>tribunal</span> <span class='ocrx_word' id='word_1_168' title='bbox 324 3099 361 3170; x_wconf 92' lang='lat' dir='ltr'>in</span> <span class='ocrx_word' id='word_1_169' title='bbox 385 3095 496 3185; x_wconf 83' lang='lat' dir='ltr'>locis,</span> <span class='ocrx_word' id='word_1_170' title='bbox 521 3090 582 3165; x_wconf 90' lang='lat' dir='ltr'>ubi</span> <span class='ocrx_word' id='word_1_171' title='bbox 607 3093 760 3166; x_wconf 88' lang='lat' dir='ltr'>nondum</span> <span class='ocrx_word' id='word_1_172' title='bbox 784 3110 880 3177; x_wconf 87' lang='lat' dir='ltr'>erat,</span> <span class='ocrx_word' id='word_1_173' title='bbox 905 3092 1060 3187; x_wconf 85' lang='lat' dir='ltr'>erigere,</span> <span class='ocrx_word' id='word_1_174' title='bbox 1087 3094 1173 3168; x_wconf 87' lang='lat' dir='ltr'>licut</span> <span class='ocrx_word' id='word_1_175' title='bbox 1192 3123 1248 3174; x_wconf 78' lang='lat' dir='ltr'>ea.</span> <span class='ocrx_word' id='word_1_176' title='bbox 1264 3126 1312 3198; x_wconf 84' lang='lat' dir='ltr'>gr.</span> <span class='ocrx_word' id='word_1_177' title='bbox 1326 3098 1359 3170; x_wconf 86' lang='lat' dir='ltr'>io</span> 
     </span>
     <span class='ocr_line' id='line_1_25' title="bbox 150 3185 1367 3297; baseline 0.001 -26"><span class='ocrx_word' id='word_1_178' title='bbox 150 3193 328 3271; x_wconf 90' lang='lat' dir='ltr'>Poloniam</span> <span class='ocrx_word' id='word_1_179' title='bbox 361 3187 602 3266; x_wconf 74' lang='lat' dir='ltr'>introdudlum</span> <span class='ocrx_word' id='word_1_180' title='bbox 631 3185 682 3262; x_wconf 88' lang='lat' dir='ltr'>est</span> <span class='ocrx_word' id='word_1_181' title='bbox 715 3209 783 3297; x_wconf 88' lang='lat' dir='ltr'>pet</span> <span class='ocrx_word' id='word_1_182' title='bbox 814 3188 1011 3283; x_wconf 87' lang='lat' dir='ltr'>Johannem</span> <span class='ocrx_word' id='word_1_183' title='bbox 1040 3190 1154 3265; x_wconf 86' lang='lat' dir='ltr'><strong>XXII.</strong></span> <span class='ocrx_word' id='word_1_184' title='bbox 1181 3218 1211 3268; x_wconf 89' lang='lat' dir='ltr'>a.</span> <span class='ocrx_word' id='word_1_185' title='bbox 1240 3221 1367 3292; x_wconf 66' lang='lat' dir='ltr'>igar-r</span> 
     </span>
     <span class='ocr_line' id='line_1_26' title="bbox 151 3283 1375 3389; baseline 0.002 -24"><span class='ocrx_word' id='word_1_186' title='bbox 151 3288 211 3389; x_wconf 87' lang='lat' dir='ltr'>qui</span> <span class='ocrx_word' id='word_1_187' title='bbox 246 3292 379 3364; x_wconf 81' lang='lat' dir='ltr'>litterar</span> <span class='ocrx_word' id='word_1_188' title='bbox 411 3286 476 3361; x_wconf 86' lang='lat' dir='ltr'>liae</span> <span class='ocrx_word' id='word_1_189' title='bbox 507 3284 551 3355; x_wconf 94' lang='lat' dir='ltr'>de</span> <span class='ocrx_word' id='word_1_190' title='bbox 581 3306 620 3356; x_wconf 89' lang='lat' dir='ltr'>re</span> <span class='ocrx_word' id='word_1_191' title='bbox 649 3283 741 3356; x_wconf 85' lang='lat' dir='ltr'>dedu</span> <span class='ocrx_word' id='word_1_192' title='bbox 770 3283 813 3358; x_wconf 90' lang='lat' dir='ltr'>ad</span> <span class='ocrx_word' id='word_1_193' title='bbox 846 3283 982 3377; x_wconf 85' lang='lat' dir='ltr'>Regem</span> <span class='ocrx_word' id='word_1_194' title='bbox 1014 3304 1050 3357; x_wconf 90' lang='lat' dir='ltr'>et</span> <span class='ocrx_word' id='word_1_195' title='bbox 1074 3286 1247 3363; x_wconf 85' lang='lat' dir='ltr'>Praelatos</span> <span class='ocrx_word' id='word_1_196' title='bbox 1269 3294 1375 3366; x_wconf 79' lang='lat' dir='ltr'>Polo·</span> 
     </span>
     <span class='ocr_line' id='line_1_27' title="bbox 151 3377 1385 3472; baseline -0.007 -10"><span class='ocrx_word' id='word_1_197' title='bbox 151 3388 241 3462; x_wconf 84' lang='lat' dir='ltr'>niae.</span> <span class='ocrx_word' id='word_1_198' title='bbox 266 3382 499 3460; x_wconf 87' lang='lat' dir='ltr'>Confirmavit</span> <span class='ocrx_word' id='word_1_199' title='bbox 527 3377 628 3468; x_wconf 90' lang='lat' dir='ltr'>dein,</span> <span class='ocrx_word' id='word_1_200' title='bbox 653 3379 767 3452; x_wconf 88' lang='lat' dir='ltr'>seculo</span> <span class='ocrx_word' id='word_1_201' title='bbox 793 3379 976 3470; x_wconf 86' lang='lat' dir='ltr'>sequente,</span> <span class='ocrx_word' id='word_1_202' title='bbox 1003 3388 1385 3472; x_wconf 66' lang='lat' dir='ltr'>a.1436.Uladillau‘</span> 
     </span>
     <span class='ocr_line' id='line_1_28' title="bbox 150 3474 1394 3587; baseline 0.002 -31"><span class='ocrx_word' id='word_1_203' title='bbox 150 3481 302 3576; x_wconf 82' lang='lat' dir='ltr'>lagello,</span> <span class='ocrx_word' id='word_1_204' title='bbox 327 3482 408 3554; x_wconf 83' lang='lat' dir='ltr'>Rex</span> <span class='ocrx_word' id='word_1_205' title='bbox 433 3475 616 3587; x_wconf 80' lang='lat' dir='ltr'>Poloniae,</span> <span class='ocrx_word' id='word_1_206' title='bbox 643 3474 748 3550; x_wconf 91' lang='lat' dir='ltr'>etiarn</span> <span class='ocrx_word' id='word_1_207' title='bbox 774 3474 1009 3570; x_wconf 84' lang='lat' dir='ltr'>amplificavit.</span> <span class='ocrx_word' id='word_1_208' title='bbox 1059 3477 1145 3584; x_wconf 63' lang='lat' dir='ltr'>yid.</span> <span class='ocrx_word' id='word_1_209' title='bbox 1174 3482 1320 3558; x_wconf 86' lang='lat' dir='ltr'>Bzovius</span> <span class='ocrx_word' id='word_1_210' title='bbox 1350 3484 1394 3542; x_wconf 59' lang='grc' dir='ltr'>θ’</span> 
     </span>
     <span class='ocr_line' id='line_1_29' title="bbox 153 3571 1404 3769; baseline -0.003 -17"><span class='ocrx_word' id='word_1_211' title='bbox 153 3577 337 3752; x_wconf 62' lang='lat' dir='ltr'>&#39;eilulfi</span> <span class='ocrx_word' id='word_1_212' title='bbox 361 3572 1193 3757; x_wconf 48' lang='lat' dir='ltr'>illini?”oiilnssbsi‘lssileodibili}</span> <span class='ocrx_word' id='word_1_213' title='bbox 1210 3571 1404 3769; x_wconf 59' lang='lat' dir='ltr'>illlss‘,</span> 
     </span>
     <span class='ocr_line' id='line_1_30' title="bbox 152 3759 1406 3873; baseline 0.002 -29"><span class='ocrx_word' id='word_1_214' title='bbox 152 3770 273 3873; x_wconf 77' lang='lat' dir='ltr'>paucio</span> <span class='ocrx_word' id='word_1_215' title='bbox 296 3766 546 3839; x_wconf 62' lang='lat' dir='ltr'>describenda,</span> <span class='ocrx_word' id='word_1_216' title='bbox 578 3763 804 3836; x_wconf 80' lang='lat' dir='ltr'>Particulares</span> <span class='ocrx_word' id='word_1_217' title='bbox 822 3759 937 3847; x_wconf 90' lang='lat' dir='ltr'>enim,</span> <span class='ocrx_word' id='word_1_218' title='bbox 964 3785 1029 3856; x_wconf 90' lang='lat' dir='ltr'>pro</span> <span class='ocrx_word' id='word_1_219' title='bbox 1048 3764 1164 3856; x_wconf 75' lang='lat' dir='ltr'>Papia,</span> <span class='ocrx_word' id='word_1_220' title='bbox 1191 3787 1229 3840; x_wconf 85' lang='lat' dir='ltr'>et</span> <span class='ocrx_word' id='word_1_221' title='bbox 1248 3759 1406 3846; x_wconf 64' lang='lat' dir='ltr'>contf²</span> 
     </span>
     <span class='ocr_line' id='line_1_31' title="bbox 152 3856 1406 3960; baseline -0.004 -16"><span class='ocrx_word' id='word_1_222' title='bbox 152 3893 236 3959; x_wconf 79' lang='lat' dir='ltr'>eor,</span> <span class='ocrx_word' id='word_1_223' title='bbox 259 3862 405 3960; x_wconf 87' lang='lat' dir='ltr'>aliasque</span> <span class='ocrx_word' id='word_1_224' title='bbox 420 3861 466 3932; x_wconf 92' lang='lat' dir='ltr'>ob</span> <span class='ocrx_word' id='word_1_225' title='bbox 485 3856 617 3941; x_wconf 84' lang='lat' dir='ltr'>causas,</span> <span class='ocrx_word' id='word_1_226' title='bbox 643 3862 831 3929; x_wconf 81' lang='lat' dir='ltr'>celebratae</span> <span class='ocrx_word' id='word_1_227' title='bbox 849 3860 1029 3931; x_wconf 83' lang='lat' dir='ltr'>recensete</span> <span class='ocrx_word' id='word_1_228' title='bbox 1046 3861 1210 3954; x_wconf 91' lang='lat' dir='ltr'>longum,</span> <span class='ocrx_word' id='word_1_229' title='bbox 1235 3889 1273 3939; x_wconf 88' lang='lat' dir='ltr'>et</span> <span class='ocrx_word' id='word_1_230' title='bbox 1292 3868 1406 3942; x_wconf 65' lang='lat' dir='ltr'>int·</span> 
     </span>
     <span class='ocr_line' id='line_1_32' title="bbox 155 3950 1402 4052; baseline -0.002 -12"><span class='ocrx_word' id='word_1_231' title='bbox 155 3971 237 4052; x_wconf 89' lang='lat' dir='ltr'>tile,</span> <span class='ocrx_word' id='word_1_232' title='bbox 262 3961 368 4037; x_wconf 84' lang='lat' dir='ltr'>foret.</span> <span class='ocrx_word' id='word_1_233' title='bbox 403 3953 536 4031; x_wconf 77' lang='lat' dir='ltr'>luditta</span> <span class='ocrx_word' id='word_1_234' title='bbox 560 3950 610 4024; x_wconf 78' lang='lat' dir='ltr'>eli</span> <span class='ocrx_word' id='word_1_235' title='bbox 631 3977 651 4026; x_wconf 85' lang='lat' dir='ltr'>a</span> <span class='ocrx_word' id='word_1_236' title='bbox 675 3956 859 4026; x_wconf 88' lang='lat' dir='ltr'>Clemente</span> <span class='ocrx_word' id='word_1_237' title='bbox 884 3952 934 4025; x_wconf 91' lang='lat' dir='ltr'>V.</span> <span class='ocrx_word' id='word_1_238' title='bbox 961 3978 990 4026; x_wconf 91' lang='lat' dir='ltr'>a.</span> <span class='ocrx_word' id='word_1_239' title='bbox 1016 3978 1141 4050; x_wconf 75' lang='lat'>1307.,</span> <span class='ocrx_word' id='word_1_240' title='bbox 1170 3979 1208 4031; x_wconf 93' lang='lat' dir='ltr'>ut</span> <span class='ocrx_word' id='word_1_241' title='bbox 1224 3956 1402 4038; x_wconf 69' lang='lat' dir='ltr'>biennio</span> 
     </span>
    </p>
   </div>
   <div class='ocr_carea' id='block_1_5' title="bbox 146 4047 1389 4253">
    <p class='ocr_par' dir='ltr' id='par_1_5' title="bbox 146 4047 1389 4253">
     <span class='ocr_line' id='line_1_33' title="bbox 148 4047 1389 4227; baseline -0.007 -83"><span class='ocrx_word' id='word_1_242' title='bbox 148 4061 232 4164; x_wconf 71' lang='lat' dir='ltr'>post</span> <span class='ocrx_word' id='word_1_243' title='bbox 251 4062 461 4149; x_wconf 71' lang='lat' dir='ltr'>haberetur,</span> <span class='ocrx_word' id='word_1_244' title='bbox 484 4048 543 4129; x_wconf 85' lang='lat' dir='ltr'>sed</span> <span class='ocrx_word' id='word_1_245' title='bbox 566 4069 637 4125; x_wconf 88' lang='lat' dir='ltr'>non</span> <span class='ocrx_word' id='word_1_246' title='bbox 662 4049 721 4127; x_wconf 86' lang='lat' dir='ltr'>nili</span> <span class='ocrx_word' id='word_1_247' title='bbox 750 4047 981 4149; x_wconf 86' lang='lat' dir='ltr'>quadriennio</span> <span class='ocrx_word' id='word_1_248' title='bbox 1004 4050 1084 4146; x_wconf 86' lang='lat' dir='ltr'>post</span> <span class='ocrx_word' id='word_1_249' title='bbox 1108 4054 1274 4132; x_wconf 85' lang='lat' dir='ltr'>celebrata</span> <span class='ocrx_word' id='word_1_250' title='bbox 1299 4058 1389 4227; x_wconf 51' lang='lat' dir='ltr'>elltae</span> 
     </span>
     <span class='ocr_line' id='line_1_34' title="bbox 146 4170 1382 4253; baseline -0.002 -24"><span class='ocrx_word' id='word_1_251' title='bbox 146 4211 152 4229; x_wconf 86' lang='lat'>.</span> <span class='ocrx_word' id='word_1_252' title='bbox 1209 4176 1241 4232; x_wconf 71' lang='lat' dir='ltr'>a</span> <span class='ocrx_word' id='word_1_253' title='bbox 1268 4170 1329 4253; x_wconf 79' lang='lat'>131</span> <span class='ocrx_word' id='word_1_254' title='bbox 1366 4191 1382 4219; x_wconf 82' lang='lat'><strong><em>.</em></strong></span> 
     </span>
    </p>
   </div>
   <div class='ocr_carea' id='block_1_6' title="bbox 0 0 1543 4806">
    <p class='ocr_par' dir='ltr' id='par_1_6' title="bbox 0 0 1543 4806">
     <span class='ocr_line' id='line_1_35' title="bbox 0 0 1543 4806; baseline 0 0"><span class='ocrx_word' id='word_1_255' title='bbox 0 0 1543 4806; x_wconf 95' lang='lat' dir='ltr'> </span> 
     </span>
    </p>
   </div>
  </div>
 </body>
</html>
