3022 4806
183 586 251 687 198
565 580 713 680 llijltria
735 580 862 682 Eccles.
886 582 1005 685 'Clerijl

185 796 206 847 a
229 772 329 877 Patre
356 760 537 862 Alphonso
562 758 784 853 institutum,
809 762 1027 877 inhibuerat,
1053 784 1100 841 eo
1121 768 1186 864 p'er
1203 765 1500 879 veltemeo--·

188 864 435 1037 teruisse
459 856 974 1049 tulisset“luteis
1000 864 1396 1034 ,titilletur
1426 914 1484 1011 .:

186 1058 306 1229 giuam
331 1012 512 1148 recip’ere,
536 1046 764 1137 detrectaret,
789 1049 835 1158 de
853 1075 924 1148 quo
941 1010 1019 1126 eliso
1035 1052 1072 1126 in
1095 982 1301 1129 l'oelesltlio
1316 1058 1486 1151 egi„

206 1150 411 1228 nnoccntius
444 1163 553 1216 totam
580 1142 654 1237 ejus
677 1160 803 1217 terram
826 1146 1012 1220 interdicto
1038 1148 1284 1223 Ecclesiastico
1315 1150 1393 1224 sub·
1457 1180 1483 1195 ⁴

186 1246 296 1348 jecit,
322 1246 367 1314 ita
392 1261 430 1315 ut
458 1240 577 1311 nullum
602 1242 636 1309 in
661 1261 720 1325 ea,
742 1256 874 1332 praeter
894 1241 1337 1410 baptismamlarruloram,
1361 1260 1394 1319 ee
1448 1254 1485 1285 ‘'-

183 1341 413 1440 poenitentiam
442 1354 653 1422 mortuorum,
685 1333 899 1409 celebraretur
923 1336 1066 1432 officium
1116 1344 1251 1413 irinum.
1297 1342 1389 1439 ,Quo
1480 1368 1483 1377 ·

185 1437 330 1514 fulmine
364 1431 502 1505 tandem
544 1429 632 1501 idus
663 1430 807 1502 obedire
835 1432 955 1505 debuit
992 1434 1085 1507 Rex.
1133 1434 1221 1510 Vid.
1259 1436 1393 1531 Roget.
1448 1472 1488 1495 a

188 1534 421 1607 Hovedenus.
468 1548 503 1615 4.
536 1526 647 1619 Regia
678 1525 831 1614 titulum,
871 1549 974 1622 quem
1008 1526 1098 1601 haud
1135 1550 1204 1604 uua
1233 1531 1320 1604 vice
1348 1532 1393 1604 ab
1452 1544 1489 1579 ⁴

187 1625 451 1722 inperatoribus
478 1638 685 1713 acceperant
711 1620 898 1694 Buhcmiae
924 1621 1060 1711 Duces,
1092 1646 1112 1697 a
1141 1624 1245 1723 Papio
1275 1644 1391 1698 autem
1477 1668 1489 1677 -

185 1719 347 1797 obtinere
389 1739 458 1789 non
490 1733 680 1814 potuerunt
709 1734 790 1785 ante
826 1717 1090 1808 Innocentium,
1122 1718 1182 1814 qui
1205 1742 1288 1794 eum
1312 1720 1395 1793 Pre·
1445 1736 1493 1763 ⁴·

184 1814 324 1913 missao,
351 1814 537 1885 Bohemiae
555 1807 668 1896 Duci,
686 1809 927 1914 confirmavit,
946 1814 1058 1923 quod,
1081 1815 1240 1911 partibus
1258 1814 1348 1890 Phili

183 1915 223 2017 pi
247 1908 409 1997 desertis,
445 1905 480 1979 se
505 1926 619 1979 totum
652 1902 798 1975 dedisset
827 1907 985 1995 Othoni,
1017 1910 1076 1981 cui
1100 1928 1201 1983 tanto
1233 1838 1387 1985 adu-eli

188 2008 324 2093 studio,
357 2023 396 2076 ut
421 2001 504 2075 inde
527 1996 640 2072 dicim
662 1998 839 2070 censeatur
861 2002 1055 2079 ottocarus.
1104 2024 1139 2094 5.
1163 2006 1333 2080 Armenia
1352 2022 1391 2080 et

183 2102 359 2203 Bulgaris,
384 2098 560 2173 Romanae
584 2091 654 2167 sedi
686 2093 867 2188 subjeliis,
907 2096 1103 2170 dominium
1134 2100 1259 2195 papale
1289 2099 1391 2175 latiur

109 2218 121 2229 “·
181 2201 354 2277 extendit.
406 2196 486 2269 Rex
504 2191 597 2265 enim
614 2189 824 2279 Armeniae,
848 2212 1040 2266 eumeruce
1060 2193 1271 2288 signatorum
1289 2194 1391 2271 Hen-

181 2293 250 2370 rici
282 2296 310 2367 Ι.
342 2288 555 2385 inperatoria
586 2285 692 2357 classis
721 2285 856 2378 adpulsa
888 2286 974 2361 esset
1015 2291 1051 2360 in
1092 2287 1316 2364 Palaestinam
1356 2310 1388 2365 a.

185 2408 308 2481 1197,
333 2403 370 2456 et
385 2405 443 2455 ree
460 2382 622 2477 prospere
638 2375 806 2544 gestisset,
830 2382 967 2455 nunciis
985 2384 1026 2454 ad
1045 2406 1106 2457 eor
1121 2382 1247 2474 missit,
1269 2402 1389 2481 gratu·

180 2482 270 2559 latua
297 2501 369 2551 non
393 2494 528 2547 tantum
552 2473 596 2545 iia
620 2495 639 2543 e
680 2527 691 2560 ,
718 2471 829 2546 sedet
854 2476 1055 2572 separatum
1084 2477 1277 2573 professus,
1309 2480 1385 2554 Ro·

182 2595 290 2653 mano
313 2569 456 2664 inperio
482 2591 522 2640 ac
545 2564 616 2640 sedi
633 2568 679 2640 Pa
706 2568 751 2640 ali
771 2570 917 2665 subjici,
940 2576 1047 2645 modo
1063 2594 1231 2649 coronant
1257 2599 1280 2649 a
1300 2594 1388 2649 nun·

180 2670 249 2750 ciis
272 2667 524 2759 consequatur:
559 2662 649 2760 quod
675 2590 803 2736 lilium
834 2664 895 2739 est.
944 2667 1028 2742 Vid.
1062 2669 1235 2744 Amoldua
1267 2672 1388 2744 Lube-

178 2764 288 2847 censis
313 2764 350 2838 in
377 2759 556 2834 Chronico
584 2756 767 2831 slavorum
792 2760 813 2832 l.
840 2759 889 2833 V.
937 2762 1112 2835 Conceffit
1134 2769 1384 2862 quoquePapa

179 2862 212 2944 a„
237 2883 343 2939 1202.
370 2854 484 2957 Regi,
503 2872 539 2927 et
554 2853 787 2943 Paniarchae,
806 2854 1038 2930 Armeuorum
1055 2858 1161 2931 multa
1176 2862 1384 2958 privilegia,

176 2956 273 3057 Regi
296 2952 444 3040 scilicet,
469 2969 506 3022 ut
532 2972 658 3039 nemo,
683 2969 819 3043 praeter
837 2951 982 3048 Papam,
1005 2951 1175 3047 potestate
1190 2955 1227 3028 in
1246 2958 1387 3053 Regem

174 3066 239 3131 aut
271 3052 434 3144 Regnum
467 3048 614 3140 polleret
653 3042 848 3136 interdieli,
890 3064 949 3120 aot
984 3051 1387 3143 excommunicationis,

172 3143 393 3226 Patriarchae
411 3163 514 3227 vero,
536 3161 573 3213 ut
588 3141 744 3235 pallium,
762 3144 924 3233 annulus,
942 3160 981 3216 et
997 3144 1120 3230 mitra,
1138 3145 1223 3242 ipsa,
1247 3170 1388 3223 recen·

177 3238 388 3328 terentio,
414 3236 646 3310 mitterentur.
699 3234 803 3333 Quod
826 3238 919 3310 idem
946 3237 1040 3311 inter
1061 3241 1225 3338 Bulgaroa
1250 3263 1291 3317 et
1306 3244 1385 3319 ula·

177 3362 263 3426 cos,
294 3336 352 3408 seu
385 3333 595 3418 Walachoa,
635 3331 693 3403 sub
719 3354 801 3427 rege
826 3333 1104 3429 Calo-lohanne,
1147 3334 1280 3413 factum
1317 3337 1385 3416 est.

178 3437 261 3509 Rex
288 3434 401 3521 enim,
442 3427 500 3524 qui
532 3426 594 3512 se,
628 3426 840 3502 Graecorum
875 3448 987 3525 regno
1025 3429 1185 3521 excusso,
1225 3431 1385 3509 submisit

176 3528 250 3605 sedi
274 3526 473 3614 Romanae,
496 3547 514 3596 a
537 3523 792 3619 Papaaccepit
817 3527 1009 3619 sceptrum,
1044 3525 1219 3617 diadema,
1238 3530 1285 3602 'et
1300 3552 1387 3607 vex·

177 3626 294 3709 illum,
329 3643 433 3693 cruce
456 3642 497 3692 ac
523 3619 679 3691 clavibus
703 3620 925 3713 infignitum,
959 3621 995 3694 in
1020 3621 1221 3695 memoriam
1245 3624 1381 3703 curisti

176 3738 214 3798 et
241 3717 391 3791 clavium
417 3715 551 3820 Petri3·
575 3711 660 3783 sicut
685 3734 722 3786 et
748 3715 1044 3824 Archiepiscopus
1070 3720 1298 3815 Bulgaroruni
1321 3744 1382 3795 or·
1503 3712 1508 3719 ⁶

175 3833 334 3896 nimenta
357 3807 592 3891 Pontifieaha,
617 3827 696 3879 cum
717 3808 819 3883 titulo
839 3810 1017 3900 Primatis,
1036 3831 1072 3885 et
1088 3813 1255 3887 facultate
1274 3838 1381 3893 coro·

175 3909 277 3994 naudi
304 3910 442 4005 Reges,
471 3900 652 3997 postquam
671 3905 741 3973 sese
752 3907 953 3998 juramento
987 3906 1223 3983 obstrinxisset
1248 3912 1370 4005 Papae

174 4020 210 4093 6.
235 4008 315 4086 Rex
339 4000 539 4100 Aragoniae
563 4000 683 4073 Petrus
707 4000 752 4073 ΙΙ.
776 3998 902 4098 petiit,
935 4021 974 4078 et
1009 4002 1206 4101 inpetravit
1234 4027 1255 4078 a
1286 4008 1381 4101 Papa

1211 4123 1244 4178 a.
1271 4122 1380 4196 ¹2⁰4·
