<?xml version="1.0" encoding="UTF-8"?>
<!DOCTYPE html PUBLIC "-//W3C//DTD XHTML 1.0 Transitional//EN"
    "http://www.w3.org/TR/xhtml1/DTD/xhtml1-transitional.dtd">
<html xmlns="http://www.w3.org/1999/xhtml" xml:lang="en" lang="en">
 <head>
  <title>
</title>
<meta http-equiv="Content-Type" content="text/html;charset=utf-8" />
  <meta name='ocr-system' content='tesseract 3.04.00' />
  <meta name='ocr-capabilities' content='ocr_page ocr_carea ocr_par ocr_line ocrx_word'/>
</head>
<body>
  <div class='ocr_page' id='page_1' title='image "./hermannivenemai00venegoog_0235.png"; bbox 0 0 3022 4806; ppageno 0'>
   <div class='ocr_carea' id='block_1_1' title="bbox 129 598 975 711">
    <p class='ocr_par' dir='ltr' id='par_1_1' title="bbox 129 598 975 711">
     <span class='ocr_line' id='line_1_1' title="bbox 129 598 975 711; baseline 0.022 -46"><span class='ocrx_word' id='word_1_1' title='bbox 129 608 208 711; x_wconf 57' lang='grc' dir='ltr'>μ</span> <span class='ocrx_word' id='word_1_2' title='bbox 532 598 975 705; x_wconf 58' lang='grc' dir='ltr'>Ιῆβοτῑαλεώίυτὸήβ.</span> 
     </span>
    </p>
   </div>
   <div class='ocr_carea' id='block_1_2' title="bbox 134 779 1365 1443">
    <p class='ocr_par' dir='ltr' id='par_1_2' title="bbox 134 779 1365 1443">
     <span class='ocr_line' id='line_1_2' title="bbox 140 779 1360 879; baseline -0.002 -14"><span class='ocrx_word' id='word_1_3' title='bbox 140 807 235 865; x_wconf 80' lang='lat' dir='ltr'>voce</span> <span class='ocrx_word' id='word_1_4' title='bbox 260 783 304 859; x_wconf 89' lang='lat' dir='ltr'>ad</span> <span class='ocrx_word' id='word_1_5' title='bbox 322 788 403 859; x_wconf 82' lang='lat' dir='ltr'>e&#39;um</span> <span class='ocrx_word' id='word_1_6' title='bbox 420 779 608 871; x_wconf 71' lang='lat' dir='ltr'>denoele,</span> <span class='ocrx_word' id='word_1_7' title='bbox 632 779 725 875; x_wconf 82' lang='lat' dir='ltr'>quast</span> <span class='ocrx_word' id='word_1_8' title='bbox 749 781 1072 879; x_wconf 48' lang='lat' dir='ltr'>commonet,</span> <span class='ocrx_word' id='word_1_9' title='bbox 1093 786 1233 877; x_wconf 82' lang='lat' dir='ltr'>delata,</span> <span class='ocrx_word' id='word_1_10' title='bbox 1255 784 1360 864; x_wconf 81' lang='lat' dir='ltr'>diris·</span> 
     </span>
     <span class='ocr_line' id='line_1_3' title="bbox 143 878 1360 982; baseline 0.007 -31"><span class='ocrx_word' id='word_1_11' title='bbox 143 886 242 971; x_wconf 77' lang='lat' dir='ltr'>sent,</span> <span class='ocrx_word' id='word_1_12' title='bbox 270 879 441 976; x_wconf 76' lang='lat' dir='ltr'>caelestiae</span> <span class='ocrx_word' id='word_1_13' title='bbox 466 881 590 957; x_wconf 79' lang='lat' dir='ltr'>dimitte</span> <span class='ocrx_word' id='word_1_14' title='bbox 616 879 804 970; x_wconf 78' lang='lat' dir='ltr'>Populum,</span> <span class='ocrx_word' id='word_1_15' title='bbox 820 878 854 974; x_wconf 76' lang='lat' dir='ltr'><em>fi</em></span> <span class='ocrx_word' id='word_1_16' title='bbox 870 886 920 955; x_wconf 80' lang='lat' dir='ltr'>ris</span> <span class='ocrx_word' id='word_1_17' title='bbox 935 880 1056 979; x_wconf 76' lang='lat' dir='ltr'>solius</span> <span class='ocrx_word' id='word_1_18' title='bbox 1067 887 1168 981; x_wconf 65' lang='lat' dir='ltr'>fieri,</span> <span class='ocrx_word' id='word_1_19' title='bbox 1198 893 1360 982; x_wconf 75' lang='lat' dir='ltr'>negotium</span> 
     </span>
     <span class='ocr_line' id='line_1_4' title="bbox 134 974 1362 1082; baseline 0.002 -27"><span class='ocrx_word' id='word_1_20' title='bbox 134 985 247 1082; x_wconf 65' lang='lat' dir='ltr'>⁸snpra</span> <span class='ocrx_word' id='word_1_21' title='bbox 278 980 361 1052; x_wconf 75' lang='lat' dir='ltr'>ritas</span> <span class='ocrx_word' id='word_1_22' title='bbox 390 976 462 1067; x_wconf 72' lang='lat' dir='ltr'>ell3</span> <span class='ocrx_word' id='word_1_23' title='bbox 488 996 526 1051; x_wconf 92' lang='lat' dir='ltr'>ut</span> <span class='ocrx_word' id='word_1_24' title='bbox 553 974 666 1047; x_wconf 78' lang='lat' dir='ltr'>refert</span> <span class='ocrx_word' id='word_1_25' title='bbox 689 974 852 1066; x_wconf 60' lang='lat' dir='ltr'>Baracum</span> <span class='ocrx_word' id='word_1_26' title='bbox 891 980 1068 1074; x_wconf 81' lang='lat' dir='ltr'>cujusrei</span> <span class='ocrx_word' id='word_1_27' title='bbox 1089 985 1197 1056; x_wconf 87' lang='lat' dir='ltr'>altum</span> <span class='ocrx_word' id='word_1_28' title='bbox 1247 1005 1362 1080; x_wconf 86' lang='lat' dir='ltr'>uoque</span> 
     </span>
     <span class='ocr_line' id='line_1_5' title="bbox 145 1068 1362 1178; baseline 0 -27"><span class='ocrx_word' id='word_1_29' title='bbox 145 1079 199 1154; x_wconf 82' lang='lat' dir='ltr'>est</span> <span class='ocrx_word' id='word_1_30' title='bbox 222 1069 316 1172; x_wconf 88' lang='lat' dir='ltr'>apud</span> <span class='ocrx_word' id='word_1_31' title='bbox 353 1073 506 1146; x_wconf 74' lang='lat' dir='ltr'>Veteres</span> <span class='ocrx_word' id='word_1_32' title='bbox 539 1068 724 1147; x_wconf 83' lang='lat' dir='ltr'>lilentittm·</span> <span class='ocrx_word' id='word_1_33' title='bbox 781 1072 867 1178; x_wconf 61' lang='lat' dir='ltr'>isid.</span> <span class='ocrx_word' id='word_1_34' title='bbox 899 1075 1118 1170; x_wconf 73' lang='lat' dir='ltr'><strong>spondanus.</strong></span> <span class='ocrx_word' id='word_1_35' title='bbox 1166 1080 1237 1150; x_wconf 77' lang='lat' dir='ltr'>Fae</span> <span class='ocrx_word' id='word_1_36' title='bbox 1296 1103 1362 1153; x_wconf 85' lang='lat' dir='ltr'>rta-</span> 
     </span>
     <span class='ocr_line' id='line_1_6' title="bbox 174 1165 1365 1262; baseline 0.003 -17"><span class='ocrx_word' id='word_1_37' title='bbox 174 1196 219 1250; x_wconf 88' lang='lat' dir='ltr'>ue</span> <span class='ocrx_word' id='word_1_38' title='bbox 238 1167 517 1254; x_wconf 77' lang='lat' dir='ltr'>constitutione,</span> <span class='ocrx_word' id='word_1_39' title='bbox 556 1165 666 1241; x_wconf 89' lang='lat' dir='ltr'>licere</span> <span class='ocrx_word' id='word_1_40' title='bbox 691 1165 859 1243; x_wconf 87' lang='lat' dir='ltr'>Ponttlici</span> <span class='ocrx_word' id='word_1_41' title='bbox 873 1168 923 1241; x_wconf 72' lang='lat' dir='ltr'>se</span> <span class='ocrx_word' id='word_1_42' title='bbox 952 1170 1132 1262; x_wconf 85' lang='lat' dir='ltr'>abdicare,</span> <span class='ocrx_word' id='word_1_43' title='bbox 1173 1176 1275 1248; x_wconf 85' lang='lat' dir='ltr'>cellit</span> <span class='ocrx_word' id='word_1_44' title='bbox 1308 1177 1365 1248; x_wconf 89' lang='lat' dir='ltr'>sua</span> 
     </span>
     <span class='ocr_line' id='line_1_7' title="bbox 145 1199 1365 1443; baseline 0.002 -102"><span class='ocrx_word' id='word_1_45' title='bbox 145 1199 301 1443; x_wconf 42' lang='lat' dir='ltr'>{uinta</span> <span class='ocrx_word' id='word_1_46' title='bbox 335 1266 465 1336; x_wconf 86' lang='lat' dir='ltr'>eodem</span> <span class='ocrx_word' id='word_1_47' title='bbox 498 1284 569 1358; x_wconf 73' lang='lat' dir='ltr'>quo</span> <span class='ocrx_word' id='word_1_48' title='bbox 603 1261 754 1356; x_wconf 84' lang='lat' dir='ltr'>suscepit</span> <span class='ocrx_word' id='word_1_49' title='bbox 784 1284 897 1352; x_wconf 86' lang='lat' dir='ltr'>anno,</span> <span class='ocrx_word' id='word_1_50' title='bbox 929 1266 1104 1363; x_wconf 85' lang='lat' dir='ltr'>laetusque</span> <span class='ocrx_word' id='word_1_51' title='bbox 1131 1267 1169 1342; x_wconf 92' lang='lat' dir='ltr'>in</span> <span class='ocrx_word' id='word_1_52' title='bbox 1204 1292 1365 1345; x_wconf 89' lang='lat' dir='ltr'>eremum</span> 
     </span>
    </p>
   </div>
   <div class='ocr_carea' id='block_1_3' title="bbox 162 1357 1367 1553">
    <p class='ocr_par' dir='ltr' id='par_1_3' title="bbox 162 1357 1367 1553">
     <span class='ocr_line' id='line_1_8' title="bbox 162 1357 1365 1528; baseline 0.001 -86"><span class='ocrx_word' id='word_1_53' title='bbox 162 1362 301 1448; x_wconf 87' lang='lat' dir='ltr'>eceffit‚</span> <span class='ocrx_word' id='word_1_54' title='bbox 336 1360 396 1432; x_wconf 87' lang='lat' dir='ltr'>ubi</span> <span class='ocrx_word' id='word_1_55' title='bbox 421 1378 537 1431; x_wconf 85' lang='lat' dir='ltr'>tamen</span> <span class='ocrx_word' id='word_1_56' title='bbox 566 1357 751 1454; x_wconf 83' lang='lat' dir='ltr'>tranquille</span> <span class='ocrx_word' id='word_1_57' title='bbox 777 1379 849 1432; x_wconf 92' lang='lat' dir='ltr'>non</span> <span class='ocrx_word' id='word_1_58' title='bbox 871 1363 992 1528; x_wconf 72' lang='lat' dir='ltr'>potuit</span> <span class='ocrx_word' id='word_1_59' title='bbox 1017 1364 1170 1460; x_wconf 87' lang='lat' dir='ltr'>degere,</span> <span class='ocrx_word' id='word_1_60' title='bbox 1202 1387 1222 1440; x_wconf 92' lang='lat' dir='ltr'>a</span> <span class='ocrx_word' id='word_1_61' title='bbox 1255 1369 1365 1444; x_wconf 91' lang='lat' dir='ltr'>Boni·</span> 
     </span>
     <span class='ocr_line' id='line_1_9' title="bbox 882 1458 1367 1553; baseline 0.014 -23"><span class='ocrx_word' id='word_1_62' title='bbox 882 1458 969 1530; x_wconf 89' lang='lat' dir='ltr'>laco</span> <span class='ocrx_word' id='word_1_63' title='bbox 984 1458 1021 1532; x_wconf 92' lang='lat' dir='ltr'>in</span> <span class='ocrx_word' id='word_1_64' title='bbox 1039 1462 1114 1553; x_wconf 85' lang='lat' dir='ltr'>ejut</span> <span class='ocrx_word' id='word_1_65' title='bbox 1131 1460 1218 1537; x_wconf 87' lang='lat' dir='ltr'>vita.</span> <span class='ocrx_word' id='word_1_66' title='bbox 1271 1465 1367 1538; x_wconf 91' lang='lat' dir='ltr'>Con·</span> 
     </span>
    </p>
   </div>
   <div class='ocr_carea' id='block_1_4' title="bbox 37 1452 1422 4226">
    <p class='ocr_par' dir='ltr' id='par_1_4' title="bbox 37 1452 1379 2897">
     <span class='ocr_line' id='line_1_10' title="bbox 148 1452 868 1536; baseline -0.015 1"><span class='ocrx_word' id='word_1_67' title='bbox 148 1460 244 1536; x_wconf 86' lang='lat' dir='ltr'>facio</span> <span class='ocrx_word' id='word_1_68' title='bbox 270 1455 368 1529; x_wconf 89' lang='lat' dir='ltr'>varie</span> <span class='ocrx_word' id='word_1_69' title='bbox 390 1475 546 1528; x_wconf 78' lang='lat' dir='ltr'>vexatur.</span> <span class='ocrx_word' id='word_1_70' title='bbox 598 1455 685 1529; x_wconf 81' lang='lat' dir='ltr'>th.</span> <span class='ocrx_word' id='word_1_71' title='bbox 710 1452 749 1528; x_wconf 87' lang='lat' dir='ltr'>P.</span> <span class='ocrx_word' id='word_1_72' title='bbox 773 1453 868 1527; x_wconf 83' lang='lat' dir='ltr'>derl</span> 
     </span>
     <span class='ocr_line' id='line_1_11' title="bbox 149 1545 1366 1655; baseline 0.003 -25"><span class='ocrx_word' id='word_1_73' title='bbox 149 1550 282 1650; x_wconf 86' lang='lat' dir='ltr'>seripfit</span> <span class='ocrx_word' id='word_1_74' title='bbox 306 1572 444 1647; x_wconf 87' lang='lat' dir='ltr'>quoque</span> <span class='ocrx_word' id='word_1_75' title='bbox 472 1569 510 1623; x_wconf 89' lang='lat' dir='ltr'>et</span> <span class='ocrx_word' id='word_1_76' title='bbox 534 1549 607 1646; x_wconf 88' lang='lat' dir='ltr'>ipse</span> <span class='ocrx_word' id='word_1_77' title='bbox 642 1545 861 1624; x_wconf 79' lang='lat' dir='ltr'>coelestinus</span> <span class='ocrx_word' id='word_1_78' title='bbox 892 1553 1002 1629; x_wconf 77' lang='lat' dir='ltr'>vitam</span> <span class='ocrx_word' id='word_1_79' title='bbox 1038 1552 1151 1645; x_wconf 87' lang='lat' dir='ltr'>suam,</span> <span class='ocrx_word' id='word_1_80' title='bbox 1186 1580 1291 1655; x_wconf 87' lang='lat' dir='ltr'>quam</span> <span class='ocrx_word' id='word_1_81' title='bbox 1326 1560 1366 1634; x_wconf 88' lang='lat' dir='ltr'>io</span> 
     </span>
     <span class='ocr_line' id='line_1_12' title="bbox 148 1643 1368 1742; baseline 0.002 -15"><span class='ocrx_word' id='word_1_82' title='bbox 148 1652 238 1728; x_wconf 87' lang='lat' dir='ltr'>cella</span> <span class='ocrx_word' id='word_1_83' title='bbox 266 1648 325 1722; x_wconf 88' lang='lat' dir='ltr'>sua</span> <span class='ocrx_word' id='word_1_84' title='bbox 349 1648 521 1742; x_wconf 89' lang='lat' dir='ltr'>reliquit,.</span> <span class='ocrx_word' id='word_1_85' title='bbox 545 1648 627 1719; x_wconf 85' lang='lat' dir='ltr'>dum</span> <span class='ocrx_word' id='word_1_86' title='bbox 661 1643 763 1731; x_wconf 87' lang='lat' dir='ltr'>inde,</span> <span class='ocrx_word' id='word_1_87' title='bbox 794 1644 885 1740; x_wconf 81' lang='lat' dir='ltr'>Papa</span> <span class='ocrx_word' id='word_1_88' title='bbox 917 1645 1048 1738; x_wconf 72' lang='lat' dir='ltr'>nnus,</span> <span class='ocrx_word' id='word_1_89' title='bbox 1081 1653 1292 1728; x_wconf 83' lang='lat' dir='ltr'>recederet:</span> <span class='ocrx_word' id='word_1_90' title='bbox 1325 1655 1368 1728; x_wconf 88' lang='lat' dir='ltr'>li·</span> 
     </span>
     <span class='ocr_line' id='line_1_13' title="bbox 37 1738 1368 1844; baseline -0.001 -22"><span class='ocrx_word' id='word_1_91' title='bbox 37 1790 43 1801; x_wconf 92' lang='lat'><strong>·</strong></span> <span class='ocrx_word' id='word_1_92' title='bbox 152 1766 214 1823; x_wconf 89' lang='lat' dir='ltr'>cut</span> <span class='ocrx_word' id='word_1_93' title='bbox 246 1762 282 1819; x_wconf 90' lang='lat' dir='ltr'>et</span> <span class='ocrx_word' id='word_1_94' title='bbox 316 1740 435 1841; x_wconf 83' lang='lat' dir='ltr'>postea</span> <span class='ocrx_word' id='word_1_95' title='bbox 458 1739 547 1815; x_wconf 84' lang='lat' dir='ltr'>fecit</span> <span class='ocrx_word' id='word_1_96' title='bbox 572 1742 690 1814; x_wconf 83' lang='lat' dir='ltr'>Abbat</span> <span class='ocrx_word' id='word_1_97' title='bbox 715 1738 928 1830; x_wconf 78' lang='lat' dir='ltr'>Celestinus,</span> <span class='ocrx_word' id='word_1_98' title='bbox 970 1743 1098 1818; x_wconf 91' lang='lat' dir='ltr'>Telera</span> <span class='ocrx_word' id='word_1_99' title='bbox 1133 1746 1368 1844; x_wconf 85' lang='lat' dir='ltr'>Bipontiuos;</span> 
     </span>
     <span class='ocr_line' id='line_1_14' title="bbox 152 1833 1366 1944; baseline 0.001 -25"><span class='ocrx_word' id='word_1_100' title='bbox 152 1863 242 1944; x_wconf 89' lang='lat' dir='ltr'>quae</span> <span class='ocrx_word' id='word_1_101' title='bbox 263 1860 409 1935; x_wconf 85' lang='lat' dir='ltr'>utraque</span> <span class='ocrx_word' id='word_1_102' title='bbox 433 1837 551 1910; x_wconf 87' lang='lat' dir='ltr'>recusa</span> <span class='ocrx_word' id='word_1_103' title='bbox 573 1833 622 1907; x_wconf 88' lang='lat' dir='ltr'>est</span> <span class='ocrx_word' id='word_1_104' title='bbox 652 1837 689 1911; x_wconf 89' lang='lat' dir='ltr'>in</span> <span class='ocrx_word' id='word_1_105' title='bbox 721 1833 806 1910; x_wconf 89' lang='lat' dir='ltr'>Bibl.</span> <span class='ocrx_word' id='word_1_106' title='bbox 831 1837 888 1911; x_wconf 90' lang='lat' dir='ltr'>M.</span> <span class='ocrx_word' id='word_1_107' title='bbox 914 1839 1073 1929; x_wconf 77' lang='lat' dir='ltr'>Petrum,</span> <span class='ocrx_word' id='word_1_108' title='bbox 1107 1860 1195 1918; x_wconf 89' lang='lat' dir='ltr'>tom.</span> <span class='ocrx_word' id='word_1_109' title='bbox 1222 1845 1366 1936; x_wconf 65' lang='lat' dir='ltr'>XXV„</span> 
     </span>
     <span class='ocr_line' id='line_1_15' title="bbox 153 1927 1370 2028; baseline 0 -12"><span class='ocrx_word' id='word_1_110' title='bbox 153 1941 214 2016; x_wconf 89' lang='lat' dir='ltr'>ubi</span> <span class='ocrx_word' id='word_1_111' title='bbox 237 1936 345 2012; x_wconf 87' lang='lat' dir='ltr'>etiarn</span> <span class='ocrx_word' id='word_1_112' title='bbox 378 1932 542 2028; x_wconf 89' lang='lat' dir='ltr'>opuscula</span> <span class='ocrx_word' id='word_1_113' title='bbox 574 1931 648 2024; x_wconf 80' lang='lat' dir='ltr'>ejus</span> <span class='ocrx_word' id='word_1_114' title='bbox 681 1927 827 2005; x_wconf 83' lang='lat' dir='ltr'>exstant.</span> <span class='ocrx_word' id='word_1_115' title='bbox 879 1932 969 2007; x_wconf 85' lang='lat' dir='ltr'>Sunt</span> <span class='ocrx_word' id='word_1_116' title='bbox 999 1954 1117 2010; x_wconf 84' lang='lat' dir='ltr'>autem</span> <span class='ocrx_word' id='word_1_117' title='bbox 1151 1941 1298 2015; x_wconf 84' lang='lat' dir='ltr'>moralia</span> <span class='ocrx_word' id='word_1_118' title='bbox 1329 1962 1370 2016; x_wconf 87' lang='lat' dir='ltr'>et</span> 
     </span>
     <span class='ocr_line' id='line_1_16' title="bbox 155 2026 1369 2130; baseline -0.002 -17"><span class='ocrx_word' id='word_1_119' title='bbox 155 2033 328 2124; x_wconf 82' lang='lat' dir='ltr'>ascetica,</span> <span class='ocrx_word' id='word_1_120' title='bbox 362 2051 407 2103; x_wconf 86' lang='lat' dir='ltr'>ex</span> <span class='ocrx_word' id='word_1_121' title='bbox 431 2029 633 2122; x_wconf 86' lang='lat' dir='ltr'>Scripturae</span> <span class='ocrx_word' id='word_1_122' title='bbox 655 2026 691 2100; x_wconf 82' lang='lat'>8.</span> <span class='ocrx_word' id='word_1_123' title='bbox 724 2044 762 2100; x_wconf 89' lang='lat' dir='ltr'>et</span> <span class='ocrx_word' id='word_1_124' title='bbox 795 2027 935 2101; x_wconf 79' lang='lat' dir='ltr'>Petrum</span> <span class='ocrx_word' id='word_1_125' title='bbox 964 2028 1152 2108; x_wconf 70' lang='lat' dir='ltr'>sententiis</span> <span class='ocrx_word' id='word_1_126' title='bbox 1172 2056 1369 2130; x_wconf 80' lang='lat' dir='ltr'>contexta,</span> 
     </span>
     <span class='ocr_line' id='line_1_17' title="bbox 154 2121 1368 2229; baseline -0.012 -19"><span class='ocrx_word' id='word_1_127' title='bbox 154 2130 342 2224; x_wconf 85' lang='lat' dir='ltr'>sedsaepe</span> <span class='ocrx_word' id='word_1_128' title='bbox 376 2125 491 2217; x_wconf 87' lang='lat' dir='ltr'>minus</span> <span class='ocrx_word' id='word_1_129' title='bbox 516 2121 752 2198; x_wconf 86' lang='lat' dir='ltr'>cohaerentia.</span> <span class='ocrx_word' id='word_1_130' title='bbox 800 2124 943 2219; x_wconf 88' lang='lat' dir='ltr'>Spirant</span> <span class='ocrx_word' id='word_1_131' title='bbox 966 2123 1218 2222; x_wconf 85' lang='lat' dir='ltr'>limplieitatem</span> <span class='ocrx_word' id='word_1_132' title='bbox 1251 2152 1289 2205; x_wconf 90' lang='lat' dir='ltr'>et</span> <span class='ocrx_word' id='word_1_133' title='bbox 1311 2135 1368 2229; x_wconf 87' lang='lat' dir='ltr'>pi.</span> 
     </span>
     <span class='ocr_line' id='line_1_18' title="bbox 157 2216 1373 2323; baseline -0.001 -18"><span class='ocrx_word' id='word_1_134' title='bbox 157 2253 213 2305; x_wconf 84' lang='lat' dir='ltr'>am</span> <span class='ocrx_word' id='word_1_135' title='bbox 242 2221 496 2310; x_wconf 86' lang='lat' dir='ltr'>devotionern,</span> <span class='ocrx_word' id='word_1_136' title='bbox 530 2218 625 2294; x_wconf 77' lang='lat' dir='ltr'>simul</span> <span class='ocrx_word' id='word_1_137' title='bbox 648 2216 854 2314; x_wconf 82' lang='lat' dir='ltr'>stupendam</span> <span class='ocrx_word' id='word_1_138' title='bbox 877 2220 1120 2296; x_wconf 87' lang='lat' dir='ltr'>credulitatem</span> <span class='ocrx_word' id='word_1_139' title='bbox 1142 2246 1179 2298; x_wconf 90' lang='lat' dir='ltr'>et</span> <span class='ocrx_word' id='word_1_140' title='bbox 1207 2225 1373 2323; x_wconf 86' lang='lat' dir='ltr'>supersti-</span> 
     </span>
     <span class='ocr_line' id='line_1_19' title="bbox 161 2316 1372 2418; baseline 0.003 -20"><span class='ocrx_word' id='word_1_141' title='bbox 161 2326 323 2407; x_wconf 80' lang='lat' dir='ltr'>tionem3</span> <span class='ocrx_word' id='word_1_142' title='bbox 350 2319 404 2392; x_wconf 91' lang='lat' dir='ltr'>uti</span> <span class='ocrx_word' id='word_1_143' title='bbox 429 2339 483 2390; x_wconf 81' lang='lat' dir='ltr'>ex.</span> <span class='ocrx_word' id='word_1_144' title='bbox 508 2340 561 2410; x_wconf 86' lang='lat' dir='ltr'>gr.</span> <span class='ocrx_word' id='word_1_145' title='bbox 585 2318 624 2385; x_wconf 79' lang='lat' dir='ltr'>dc</span> <span class='ocrx_word' id='word_1_146' title='bbox 650 2316 816 2388; x_wconf 77' lang='lat' dir='ltr'>miraculis</span> <span class='ocrx_word' id='word_1_147' title='bbox 842 2317 991 2389; x_wconf 75' lang='lat' dir='ltr'>Mariae·</span> <span class='ocrx_word' id='word_1_148' title='bbox 1008 2322 1144 2414; x_wconf 74' lang='lat' dir='ltr'>virginis</span> <span class='ocrx_word' id='word_1_149' title='bbox 1168 2327 1269 2418; x_wconf 88' lang='lat' dir='ltr'>opus.</span> <span class='ocrx_word' id='word_1_150' title='bbox 1300 2328 1372 2404; x_wconf 89' lang='lat' dir='ltr'>Vl.</span> 
     </span>
     <span class='ocr_line' id='line_1_20' title="bbox 155 2409 1374 2519; baseline 0.004 -27"><span class='ocrx_word' id='word_1_151' title='bbox 155 2422 327 2501; x_wconf 88' lang='lat' dir='ltr'>‚Ceterum</span> <span class='ocrx_word' id='word_1_152' title='bbox 352 2435 370 2483; x_wconf 88' lang='lat' dir='ltr'>a</span> <span class='ocrx_word' id='word_1_153' title='bbox 397 2413 581 2482; x_wconf 82' lang='lat' dir='ltr'>Clemente</span> <span class='ocrx_word' id='word_1_154' title='bbox 607 2409 656 2482; x_wconf 85' lang='lat' dir='ltr'>V.</span> <span class='ocrx_word' id='word_1_155' title='bbox 682 2409 753 2483; x_wconf 52' lang='lat' dir='ltr'>leti</span> <span class='ocrx_word' id='word_1_156' title='bbox 772 2409 939 2504; x_wconf 87' lang='lat' dir='ltr'>sequente</span> <span class='ocrx_word' id='word_1_157' title='bbox 966 2413 1173 2490; x_wconf 77' lang='lat' dir='ltr'>Sansiorurrr</span> <span class='ocrx_word' id='word_1_158' title='bbox 1206 2423 1374 2519; x_wconf 85' lang='lat' dir='ltr'>catalogo</span> 
     </span>
     <span class='ocr_line' id='line_1_21' title="bbox 156 2502 1373 2613; baseline 0.009 -34"><span class='ocrx_word' id='word_1_159' title='bbox 156 2509 210 2589; x_wconf 77' lang='lat' dir='ltr'>est</span> <span class='ocrx_word' id='word_1_160' title='bbox 245 2508 413 2590; x_wconf 73' lang='lat' dir='ltr'>insertus,</span> <span class='ocrx_word' id='word_1_161' title='bbox 448 2504 506 2575; x_wconf 89' lang='lat' dir='ltr'>sed</span> <span class='ocrx_word' id='word_1_162' title='bbox 540 2504 601 2574; x_wconf 88' lang='lat' dir='ltr'>sub</span> <span class='ocrx_word' id='word_1_163' title='bbox 632 2502 774 2579; x_wconf 83' lang='lat' dir='ltr'>nomine</span> <span class='ocrx_word' id='word_1_164' title='bbox 799 2507 912 2579; x_wconf 73' lang='lat' dir='ltr'>Seruili</span> <span class='ocrx_word' id='word_1_165' title='bbox 935 2509 1029 2581; x_wconf 81' lang='lat' dir='ltr'>Petri</span> <span class='ocrx_word' id='word_1_166' title='bbox 1054 2511 1257 2609; x_wconf 62' lang='lat' dir='ltr'>confestum,</span> <span class='ocrx_word' id='word_1_167' title='bbox 1293 2522 1373 2613; x_wconf 77' lang='lat' dir='ltr'>puin</span> 
     </span>
     <span class='ocr_line' id='line_1_22' title="bbox 154 2598 1374 2704; baseline 0.011 -29"><span class='ocrx_word' id='word_1_168' title='bbox 154 2607 208 2704; x_wconf 81' lang='lat' dir='ltr'>fic</span> <span class='ocrx_word' id='word_1_169' title='bbox 241 2605 422 2676; x_wconf 78' lang='lat' dir='ltr'>rotabatur</span> <span class='ocrx_word' id='word_1_170' title='bbox 462 2614 539 2670; x_wconf 80' lang='lat' dir='ltr'>ante</span> <span class='ocrx_word' id='word_1_171' title='bbox 571 2598 755 2690; x_wconf 74' lang='lat' dir='ltr'>Populum,</span> <span class='ocrx_word' id='word_1_172' title='bbox 799 2601 916 2696; x_wconf 84' lang='lat' dir='ltr'>inquit</span> <span class='ocrx_word' id='word_1_173' title='bbox 948 2606 1164 2682; x_wconf 86' lang='lat' dir='ltr'>Ptolemaeus</span> <span class='ocrx_word' id='word_1_174' title='bbox 1201 2612 1374 2688; x_wconf 78' lang='lat' dir='ltr'>Lucensis</span> 
     </span>
     <span class='ocr_line' id='line_1_23' title="bbox 159 2694 1373 2793; baseline 0.008 -18"><span class='ocrx_word' id='word_1_175' title='bbox 159 2698 291 2781; x_wconf 87' lang='lat' dir='ltr'>invita</span> <span class='ocrx_word' id='word_1_176' title='bbox 307 2694 519 2779; x_wconf 84' lang='lat' dir='ltr'>Clementis,</span> <span class='ocrx_word' id='word_1_177' title='bbox 545 2697 634 2786; x_wconf 83' lang='lat' dir='ltr'>apud</span> <span class='ocrx_word' id='word_1_178' title='bbox 662 2695 774 2769; x_wconf 83' lang='lat' dir='ltr'>Bnluz.</span> <span class='ocrx_word' id='word_1_179' title='bbox 802 2698 867 2772; x_wconf 83' lang='lat' dir='ltr'>vit.</span> <span class='ocrx_word' id='word_1_180' title='bbox 892 2700 1062 2793; x_wconf 84' lang='lat' dir='ltr'>Paparum</span> <span class='ocrx_word' id='word_1_181' title='bbox 1081 2704 1262 2782; x_wconf 87' lang='lat' dir='ltr'>Avenioo.</span> <span class='ocrx_word' id='word_1_182' title='bbox 1282 2729 1373 2787; x_wconf 89' lang='lat' dir='ltr'>tom.</span> 
     </span>
     <span class='ocr_line' id='line_1_24' title="bbox 159 2791 1379 2897; baseline 0.009 -30"><span class='ocrx_word' id='word_1_183' title='bbox 159 2802 217 2888; x_wconf 83' lang='lat' dir='ltr'>l„</span> <span class='ocrx_word' id='word_1_184' title='bbox 244 2797 305 2893; x_wconf 85' lang='lat' dir='ltr'>qui</span> <span class='ocrx_word' id='word_1_185' title='bbox 330 2792 452 2873; x_wconf 74' lang='lat' dir='ltr'>addit,</span> <span class='ocrx_word' id='word_1_186' title='bbox 468 2811 525 2884; x_wconf 80' lang='lat' dir='ltr'>per</span> <span class='ocrx_word' id='word_1_187' title='bbox 548 2791 628 2863; x_wconf 85' lang='lat' dir='ltr'>illud</span> <span class='ocrx_word' id='word_1_188' title='bbox 643 2793 747 2863; x_wconf 76' lang='lat' dir='ltr'>rideri</span> <span class='ocrx_word' id='word_1_189' title='bbox 764 2794 981 2866; x_wconf 71' lang='lat' dir='ltr'>Clementem</span> <span class='ocrx_word' id='word_1_190' title='bbox 1006 2800 1184 2897; x_wconf 77' lang='lat' dir='ltr'>ratificaſje</span> <span class='ocrx_word' id='word_1_191' title='bbox 1201 2809 1379 2880; x_wconf 77' lang='lat' dir='ltr'>renuncia·</span> 
     </span>
    </p>

    <p class='ocr_par' dir='ltr' id='par_1_5' title="bbox 159 2884 1118 2987">
     <span class='ocr_line' id='line_1_25' title="bbox 159 2884 1118 2987; baseline -0.01 -21"><span class='ocrx_word' id='word_1_192' title='bbox 159 2903 306 2987; x_wconf 65' lang='lat' dir='ltr'>pinnam,</span> <span class='ocrx_word' id='word_1_193' title='bbox 330 2893 405 2985; x_wconf 70' lang='lat' dir='ltr'>puio</span> <span class='ocrx_word' id='word_1_194' title='bbox 430 2890 532 2961; x_wconf 76' lang='lat' dir='ltr'>uolut</span> <span class='ocrx_word' id='word_1_195' title='bbox 553 2884 651 2981; x_wconf 81' lang='lat' dir='ltr'>ipsum</span> <span class='ocrx_word' id='word_1_196' title='bbox 677 2891 784 2961; x_wconf 76' lang='lat' dir='ltr'>rotari</span> <span class='ocrx_word' id='word_1_197' title='bbox 808 2889 1025 2982; x_wconf 75' lang='lat' dir='ltr'>Caelestinum.</span> <span class='ocrx_word' id='word_1_198' title='bbox 1115 2952 1118 2956; x_wconf 85' lang='lat'>.</span> 
     </span>
    </p>

    <p class='ocr_par' dir='ltr' id='par_1_6' title="bbox 134 2982 1382 4149">
     <span class='ocr_line' id='line_1_26' title="bbox 174 2982 1377 3093; baseline 0.007 -30"><span class='ocrx_word' id='word_1_199' title='bbox 174 2991 245 3088; x_wconf 60' lang='lat' dir='ltr'>gin</span> <span class='ocrx_word' id='word_1_200' title='bbox 266 2982 429 3063; x_wconf 68' lang='lat' dir='ltr'>cxciv.</span> <span class='ocrx_word' id='word_1_201' title='bbox 460 2983 614 3080; x_wconf 80' lang='lat' dir='ltr'>Excepit</span> <span class='ocrx_word' id='word_1_202' title='bbox 648 2982 758 3078; x_wconf 86' lang='lat' dir='ltr'>ipsum</span> <span class='ocrx_word' id='word_1_203' title='bbox 786 2985 923 3078; x_wconf 82' lang='lat' dir='ltr'>majoris</span> <span class='ocrx_word' id='word_1_204' title='bbox 947 2988 1077 3079; x_wconf 88' lang='lat' dir='ltr'>animi,</span> <span class='ocrx_word' id='word_1_205' title='bbox 1118 3010 1157 3065; x_wconf 89' lang='lat' dir='ltr'>et</span> <span class='ocrx_word' id='word_1_206' title='bbox 1189 2993 1292 3093; x_wconf 79' lang='lat' dir='ltr'>longe</span> <span class='ocrx_word' id='word_1_207' title='bbox 1317 2997 1377 3073; x_wconf 91' lang='lat' dir='ltr'>di·</span> 
     </span>
     <span class='ocr_line' id='line_1_27' title="bbox 156 3076 1382 3182; baseline 0.008 -23"><span class='ocrx_word' id='word_1_208' title='bbox 156 3087 282 3167; x_wconf 81' lang='lat' dir='ltr'>¹trerfae</span> <span class='ocrx_word' id='word_1_209' title='bbox 306 3078 452 3167; x_wconf 87' lang='lat' dir='ltr'>indolis,</span> <span class='ocrx_word' id='word_1_210' title='bbox 493 3080 583 3175; x_wconf 84' lang='lat' dir='ltr'>Papa</span> <span class='ocrx_word' id='word_1_211' title='bbox 607 3076 801 3172; x_wconf 73' lang='lat' dir='ltr'>Bomsucius</span> <span class='ocrx_word' id='word_1_212' title='bbox 835 3083 961 3169; x_wconf 79' lang='lat' dir='ltr'>Vill,</span> <span class='ocrx_word' id='word_1_213' title='bbox 995 3085 1041 3157; x_wconf 89' lang='lat' dir='ltr'>de</span> <span class='ocrx_word' id='word_1_214' title='bbox 1074 3110 1145 3182; x_wconf 91' lang='lat' dir='ltr'>quo</span> <span class='ocrx_word' id='word_1_215' title='bbox 1179 3087 1249 3164; x_wconf 88' lang='lat' dir='ltr'>hoe</span> <span class='ocrx_word' id='word_1_216' title='bbox 1283 3095 1382 3168; x_wconf 90' lang='lat' dir='ltr'>Coe·</span> 
     </span>
     <span class='ocr_line' id='line_1_28' title="bbox 160 3170 1378 3276; baseline 0.007 -18"><span class='ocrx_word' id='word_1_217' title='bbox 160 3180 281 3260; x_wconf 76' lang='lat' dir='ltr'>lestini</span> <span class='ocrx_word' id='word_1_218' title='bbox 304 3176 416 3249; x_wconf 77' lang='lat' dir='ltr'>sertui</span> <span class='ocrx_word' id='word_1_219' title='bbox 438 3172 593 3260; x_wconf 70' lang='lat' dir='ltr'>ditium,</span> <span class='ocrx_word' id='word_1_220' title='bbox 625 3170 764 3248; x_wconf 70' lang='lat' dir='ltr'>intravit</span> <span class='ocrx_word' id='word_1_221' title='bbox 789 3194 825 3250; x_wconf 78' lang='lat' dir='ltr'>ul</span> <span class='ocrx_word' id='word_1_222' title='bbox 853 3181 982 3269; x_wconf 71' lang='lat' dir='ltr'>vulpes,</span> <span class='ocrx_word' id='word_1_223' title='bbox 1016 3186 1170 3276; x_wconf 74' lang='lat' dir='ltr'>regnabit</span> <span class='ocrx_word' id='word_1_224' title='bbox 1193 3202 1304 3263; x_wconf 75' lang='lat' dir='ltr'>aulem</span> <span class='ocrx_word' id='word_1_225' title='bbox 1338 3209 1378 3266; x_wconf 77' lang='lat' dir='ltr'>ut</span> 
     </span>
     <span class='ocr_line' id='line_1_29' title="bbox 160 3271 1380 3368; baseline 0.009 -18"><span class='ocrx_word' id='word_1_226' title='bbox 160 3281 248 3368; x_wconf 78' lang='lat' dir='ltr'>Len,</span> <span class='ocrx_word' id='word_1_227' title='bbox 274 3278 430 3350; x_wconf 73' lang='lat' dir='ltr'>inorietur</span> <span class='ocrx_word' id='word_1_228' title='bbox 455 3274 627 3345; x_wconf 78' lang='lat' dir='ltr'>arcanis:</span> <span class='ocrx_word' id='word_1_229' title='bbox 656 3291 695 3345; x_wconf 91' lang='lat' dir='ltr'>ut</span> <span class='ocrx_word' id='word_1_230' title='bbox 718 3273 824 3344; x_wconf 87' lang='lat' dir='ltr'>tradit</span> <span class='ocrx_word' id='word_1_231' title='bbox 848 3271 1088 3368; x_wconf 81' lang='lat' dir='ltr'>Walsrngham</span> <span class='ocrx_word' id='word_1_232' title='bbox 1118 3278 1254 3356; x_wconf 76' lang='lat' dir='ltr'>invita</span> <span class='ocrx_word' id='word_1_233' title='bbox 1281 3287 1380 3361; x_wconf 87' lang='lat' dir='ltr'>Edu·</span> 
     </span>
     <span class='ocr_line' id='line_1_30' title="bbox 134 3365 1381 3475; baseline 0.01 -31"><span class='ocrx_word' id='word_1_234' title='bbox 134 3373 236 3451; x_wconf 69' lang='lat' dir='ltr'>‚meli</span> <span class='ocrx_word' id='word_1_235' title='bbox 267 3375 295 3445; x_wconf 92' lang='lat'>1.</span> <span class='ocrx_word' id='word_1_236' title='bbox 310 3425 321 3461; x_wconf 92' lang='lat'>,</span> <span class='ocrx_word' id='word_1_237' title='bbox 346 3388 384 3443; x_wconf 90' lang='lat' dir='ltr'>et</span> <span class='ocrx_word' id='word_1_238' title='bbox 409 3368 602 3442; x_wconf 79' lang='lat' dir='ltr'>Warnerus</span> <span class='ocrx_word' id='word_1_239' title='bbox 619 3365 809 3441; x_wconf 79' lang='lat' dir='ltr'>Rollevinlr</span> <span class='ocrx_word' id='word_1_240' title='bbox 826 3368 861 3440; x_wconf 91' lang='lat' dir='ltr'>in</span> <span class='ocrx_word' id='word_1_241' title='bbox 869 3368 1037 3464; x_wconf 80' lang='lat' dir='ltr'>fasciculo</span> <span class='ocrx_word' id='word_1_242' title='bbox 1052 3390 1245 3467; x_wconf 67' lang='lat' dir='ltr'>tomorum,</span> <span class='ocrx_word' id='word_1_243' title='bbox 1275 3403 1381 3475; x_wconf 85' lang='lat' dir='ltr'>prae·</span> 
     </span>
     <span class='ocr_line' id='line_1_31' title="bbox 159 3461 1378 3571; baseline 0.007 -26"><span class='ocrx_word' id='word_1_244' title='bbox 159 3467 338 3545; x_wconf 60' lang='lat' dir='ltr'>malint.</span> <span class='ocrx_word' id='word_1_245' title='bbox 391 3465 459 3538; x_wconf 89' lang='lat' dir='ltr'>Sed</span> <span class='ocrx_word' id='word_1_246' title='bbox 485 3482 626 3536; x_wconf 78' lang='lat' dir='ltr'>autores</span> <span class='ocrx_word' id='word_1_247' title='bbox 652 3461 755 3555; x_wconf 81' lang='lat' dir='ltr'>lrujur</span> <span class='ocrx_word' id='word_1_248' title='bbox 792 3466 964 3562; x_wconf 83' lang='lat' dir='ltr'>temporis</span> <span class='ocrx_word' id='word_1_249' title='bbox 997 3469 1085 3542; x_wconf 86' lang='lat' dir='ltr'>nihil</span> <span class='ocrx_word' id='word_1_250' title='bbox 1116 3472 1182 3544; x_wconf 86' lang='lat' dir='ltr'>tale</span> <span class='ocrx_word' id='word_1_251' title='bbox 1216 3474 1378 3571; x_wconf 83' lang='lat' dir='ltr'>habent,</span> 
     </span>
     <span class='ocr_line' id='line_1_32' title="bbox 161 3557 1379 3660; baseline 0.007 -19"><span class='ocrx_word' id='word_1_252' title='bbox 161 3565 375 3660; x_wconf 66' lang='lat' dir='ltr'>uideturque</span> <span class='ocrx_word' id='word_1_253' title='bbox 400 3583 445 3634; x_wconf 85' lang='lat' dir='ltr'>ex</span> <span class='ocrx_word' id='word_1_254' title='bbox 479 3580 612 3634; x_wconf 84' lang='lat' dir='ltr'>eventu</span> <span class='ocrx_word' id='word_1_255' title='bbox 648 3557 791 3650; x_wconf 75' lang='lat' dir='ltr'>netum,</span> <span class='ocrx_word' id='word_1_256' title='bbox 826 3586 905 3637; x_wconf 89' lang='lat' dir='ltr'>cum</span> <span class='ocrx_word' id='word_1_257' title='bbox 940 3564 1123 3640; x_wconf 86' lang='lat' dir='ltr'>Bonifaeio</span> <span class='ocrx_word' id='word_1_258' title='bbox 1157 3567 1249 3643; x_wconf 87' lang='lat' dir='ltr'>haud</span> <span class='ocrx_word' id='word_1_259' title='bbox 1283 3576 1379 3651; x_wconf 81' lang='lat' dir='ltr'>male</span> 
     </span>
     <span class='ocr_line' id='line_1_33' title="bbox 158 3655 1377 3758; baseline 0.002 -18"><span class='ocrx_word' id='word_1_260' title='bbox 158 3659 362 3740; x_wconf 82' lang='lat' dir='ltr'>conveniat.</span> <span class='ocrx_word' id='word_1_261' title='bbox 409 3657 524 3730; x_wconf 82' lang='lat' dir='ltr'>Antea</span> <span class='ocrx_word' id='word_1_262' title='bbox 549 3655 619 3729; x_wconf 90' lang='lat' dir='ltr'>fuit</span> <span class='ocrx_word' id='word_1_263' title='bbox 637 3655 1061 3749; x_wconf 73' lang='lat' dir='ltr'>adpellamsnenedietus</span> <span class='ocrx_word' id='word_1_264' title='bbox 1087 3662 1293 3758; x_wconf 74' lang='lat' dir='ltr'>cajetanus,</span> <span class='ocrx_word' id='word_1_265' title='bbox 1327 3691 1377 3748; x_wconf 80' lang='lat' dir='ltr'>ex</span> 
     </span>
     <span class='ocr_line' id='line_1_34' title="bbox 156 3750 1378 3848; baseline 0.01 -17"><span class='ocrx_word' id='word_1_266' title='bbox 156 3757 282 3839; x_wconf 80' lang='lat' dir='ltr'>illustri</span> <span class='ocrx_word' id='word_1_267' title='bbox 320 3755 501 3829; x_wconf 83' lang='lat' dir='ltr'>stemmate</span> <span class='ocrx_word' id='word_1_268' title='bbox 540 3751 726 3844; x_wconf 84' lang='lat' dir='ltr'>Anagniae</span> <span class='ocrx_word' id='word_1_269' title='bbox 768 3750 806 3823; x_wconf 91' lang='lat' dir='ltr'>in</span> <span class='ocrx_word' id='word_1_270' title='bbox 848 3756 1037 3848; x_wconf 80' lang='lat' dir='ltr'>Campania</span> <span class='ocrx_word' id='word_1_271' title='bbox 1077 3778 1183 3833; x_wconf 78' lang='lat' dir='ltr'>onus.</span> <span class='ocrx_word' id='word_1_272' title='bbox 1235 3760 1378 3843; x_wconf 67' lang='lat' dir='ltr'>Erectio</span> 
     </span>
     <span class='ocr_line' id='line_1_35' title="bbox 159 3845 1378 3954; baseline 0.007 -23"><span class='ocrx_word' id='word_1_273' title='bbox 159 3858 237 3954; x_wconf 78' lang='lat' dir='ltr'>ejns</span> <span class='ocrx_word' id='word_1_274' title='bbox 252 3870 397 3951; x_wconf 88' lang='lat' dir='ltr'>accepta</span> <span class='ocrx_word' id='word_1_275' title='bbox 416 3845 558 3919; x_wconf 89' lang='lat' dir='ltr'>ferenda</span> <span class='ocrx_word' id='word_1_276' title='bbox 584 3845 635 3919; x_wconf 88' lang='lat' dir='ltr'>est</span> <span class='ocrx_word' id='word_1_277' title='bbox 657 3847 783 3920; x_wconf 87' lang='lat' dir='ltr'>Carolo</span> <span class='ocrx_word' id='word_1_278' title='bbox 801 3848 871 3936; x_wconf 91' lang='lat' dir='ltr'>ll.,</span> <span class='ocrx_word' id='word_1_279' title='bbox 896 3853 1038 3926; x_wconf 85' lang='lat' dir='ltr'>Siciliae</span> <span class='ocrx_word' id='word_1_280' title='bbox 1063 3857 1175 3951; x_wconf 86' lang='lat' dir='ltr'>Regi,</span> <span class='ocrx_word' id='word_1_281' title='bbox 1202 3861 1261 3933; x_wconf 89' lang='lat' dir='ltr'>eui</span> <span class='ocrx_word' id='word_1_282' title='bbox 1290 3863 1378 3939; x_wconf 92' lang='lat' dir='ltr'>illud</span> 
     </span>
     <span class='ocr_line' id='line_1_36' title="bbox 156 3940 1382 4149; baseline 0.002 -22.99"><span class='ocrx_word' id='word_1_283' title='bbox 156 3964 332 4149; x_wconf 60' lang='lat' dir='ltr'>diii</span> <span class='ocrx_word' id='word_1_284' title='bbox 354 3940 891 4125; x_wconf 54' lang='lat' dir='ltr'>lilltsli‘ul‘llill</span> <span class='ocrx_word' id='word_1_285' title='bbox 918 3951 1382 4143; x_wconf 62' lang='lat' dir='ltr'>”lllltltlailslz</span> 
     </span>
    </p>

    <p class='ocr_par' dir='ltr' id='par_1_7' title="bbox 164 4090 1422 4226">
     <span class='ocr_line' id='line_1_37' title="bbox 206 4090 1422 4148; baseline 0.005 -19"><span class='ocrx_word' id='word_1_286' title='bbox 206 4107 222 4148; x_wconf 58' lang='lat'><em>2</em></span> <span class='ocrx_word' id='word_1_287' title='bbox 320 4105 331 4130; x_wconf 79' lang='lat' dir='ltr'>t</span> <span class='ocrx_word' id='word_1_288' title='bbox 532 4094 546 4135; x_wconf 57' lang='grc' dir='ltr'><strong>θ</strong></span> <span class='ocrx_word' id='word_1_289' title='bbox 696 4090 708 4134; x_wconf 62' lang='lat'><em>2</em></span> <span class='ocrx_word' id='word_1_290' title='bbox 893 4099 904 4120; x_wconf 84' lang='lat'><em>⁰</em></span> <span class='ocrx_word' id='word_1_291' title='bbox 1407 4112 1422 4135; x_wconf 70' lang='lat' dir='ltr'>o</span> 
     </span>
     <span class='ocr_line' id='line_1_38' title="bbox 230 4164 1381 4226; baseline 0.002 -15.892"><span class='ocrx_word' id='word_1_292' title='bbox 230 4180 241 4211; x_wconf 81' lang='lat' dir='ltr'>r</span> <span class='ocrx_word' id='word_1_293' title='bbox 738 4198 747 4209; x_wconf 75' lang='grc'>.</span> <span class='ocrx_word' id='word_1_294' title='bbox 1145 4194 1151 4209; x_wconf 85' lang='lat'><strong>·</strong></span> <span class='ocrx_word' id='word_1_295' title='bbox 1202 4200 1206 4207; x_wconf 87' lang='lat'>.</span> <span class='ocrx_word' id='word_1_296' title='bbox 1249 4204 1254 4215; x_wconf 90' lang='lat'>.</span> <span class='ocrx_word' id='word_1_297' title='bbox 1300 4164 1381 4226; x_wconf 66' lang='lat' dir='ltr'>tur·</span> 
     </span>
    </p>
   </div>
   <div class='ocr_carea' id='block_1_5' title="bbox 0 0 1518 4806">
    <p class='ocr_par' dir='ltr' id='par_1_8' title="bbox 0 0 1518 4806">
     <span class='ocr_line' id='line_1_39' title="bbox 0 0 1518 4806; baseline 0 0"><span class='ocrx_word' id='word_1_298' title='bbox 0 0 1518 4806; x_wconf 95' lang='lat' dir='ltr'> </span> 
     </span>
    </p>
   </div>
  </div>
 </body>
</html>
