2976 4830
109 536 184 634 tii
502 530 806 638 mimantis.
832 517 959 642 (aaut

156 713 189 816 ς.
214 712 440 791 Dcxxxii.
463 713 651 810 Pergamon
666 739 765 792 nuuc
779 715 823 792 ad
839 721 1019 816 prolixam
1032 721 1173 804 siciliae
1187 727 1343 835 Desetipi

109 813 249 894 tionem
275 811 396 908 Apoc.
421 812 517 885 xlii
567 811 677 906 Cujut
701 813 861 888 vaticinii
884 817 1154 914 inplementum
1181 825 1217 902 in
1240 831 1343 927 ipsam

108 913 199 989 hanc
227 904 323 980 cadit
340 905 543 982 Periodum.
590 908 731 983 Satanae
754 910 888 1007 Regno
904 917 990 1004 suo,
1016 922 1116 1013 quod
1137 925 1179 994 in
1196 925 1340 1021 Imperio

109 1009 277 1086 Romatio
298 1003 443 1096 Pagano
468 1002 689 1092 obtinuerat,
714 1005 896 1141 privratur3
919 1029 961 1083 et
984 1012 1118 1088 Fluvio
1135 1019 1339 1097 Persecutio·

108 1096 1343 1304 {titillabitPlid‘itbiltlzll‘iigiiasiili

108 1296 269 1380 Samnii,
294 1289 458 1387 inquam,
482 1289 569 1362 iram
594 1310 761 1386 concepit
784 1314 969 1390 maguam.
994 1298 1195 1399 secumque
1218 1310 1344 1383 delibe-

110 1389 227 1476 ravit,
258 1407 325 1480 qua
354 1384 494 1459 ratione
519 1384 723 1482 progeniem
746 1388 921 1464 Ecclesiae
947 1391 1030 1467 Sec.
1056 1395 1131 1474 iv.
1155 1399 1340 1482 infestaret.

110 1481 339 1576 Praeparavit
362 1502 450 1574 ergo
474 1483 509 1554 se
544 1483 586 1554 ad
612 1481 763 1571 Bellum,
804 1486 875 1559 alio
901 1487 1013 1561 modo
1036 1495 1240 1585 gerendum
1266 1522 1341 1577 curii

111 1575 255 1674 reliquii
277 1598 321 1647 ex
346 1576 479 1651 semine
502 1577 614 1664 illius,
637 1575 685 1654 sc.
704 1576 890 1669 Mulieris,
914 1582 962 1655 de
1014 1609 1059 1660 ua
1077 1585 1117 1661 su
1145 1613 1205 1679 ra.
1229 1596 1338 1669 obser·

110 1673 273 1752 vantibus
306 1691 491 1767 praecepta
522 1673 591 1745 Dei
627 1668 698 1747 &e
733 1695 772 1747 ut
806 1677 955 1750 liabetur
986 1607 1048 1774 dp
1131 1738 1149 1758 .
1176 1687 1261 1762 xit:
1286 1713 1336 1784 ιγ.

107 1769 204 1857 libi,
228 1772 323 1866 quod
347 1771 562 1857 notandum,
585 1765 806 1843 charaiierei
830 1795 975 1859 eorum,
1001 1798 1096 1870 quor
1114 1778 1233 1855 denuo
1248 1783 1338 1861 insli-

110 1862 723 2054 uitiauit-iiiii
739 1959 1334 2059 mit

111 2056 242 2135 merito
258 2057 458 2152 colligitur,
484 2056 630 2130 Satanae
645 2055 683 2126 in
705 2057 824 2128 animo
839 2055 964 2143 fuisse,
988 2063 1123 2139 eodem
1138 2023 1248 2142 modo
1261 2096 1340 2169 peta

111 2153 215 2249 sequi
238 2152 446 2236 Ecclesium,
473 2152 532 2225 sed
554 2175 623 2224 non
642 2173 707 2246 per
724 2151 909 2243 infideles,
934 2173 973 2226 ut
990 2176 1120 2250 antea,
1144 2182 1269 2241 verum
1283 2169 1331 2264 ip-

108 2252 165 2328 set
186 2247 360 2322 Ecclesiae
386 2244 601 2321 Christianae
627 2244 861 2324 Consesiorer.
910 2249 1017 2323 Haec
1033 2263 1258 2350 praeparatio
1279 2266 1332 2338 si-

109 2366 210 2423 tanae
238 2345 280 2415 ad
306 2366 438 2414 novum
464 2343 501 2414 id
530 2344 652 2417 bellum
679 2364 742 2437 per
765 2345 907 2441 longum
926 2365 1069 2442 tenipus
1094 2352 1262 2445 duravita
1282 2359 1331 2433 iu·

109 2437 291 2518 tercedere
314 2439 410 2510 enim
438 2439 611 2511 debebant
644 2437 867 2514 definitiones
894 2444 1084 2516 multorum
1111 2450 1271 2546 capitum
1293 2455 1330 2528 fi.

109 2533 170 2613 (lei
205 2534 399 2623 eccultus,
430 2554 612 2629 antequam
639 2533 840 2608 Persecutio
863 2539 1052 2611 commode
1076 2539 1160 2618 fieri
1187 2567 1327 2642 poterat.

108 2637 292 2710 Praeterea
314 2630 401 2726 erigi
427 2631 574 2704 debebat
604 2626 796 2704 universale
825 2631 963 2728 aliquod
999 2635 1141 2729 Caput,
1181 2642 1241 2717 cui
1261 2647 1326 2720 ulii

108 2728 310 2806 Persecutio
338 2727 534 2802 demandari
560 2744 717 2818 poterat:
744 2726 901 2835 adeoque
928 2747 1051 2801 omnes
1082 2728 1165 2808 illae
1190 2737 1267 2813 liter
1282 2740 1323 2815 de

111 2822 305 2909 Busiride,
330 2824 455 2912 Cultu,
480 2845 518 2896 et
535 2818 723 2917 Regimine
743 2822 880 2916 Papali,
903 2823 1123 2918 praecedere
1139 2830 1324 2926 debebant,

110 2941 271 3014 tanquam
292 2918 571 3015 praeparationes
597 2919 743 2990 Satanae
758 2920 800 2992 ad
824 2937 982 2991 veterem
996 2912 1094 2996 illam
1114 2929 1325 3024 tragoediam

113 3016 360 3092 renovandam.
414 3015 514 3114 Quae
563 3013 753 3106 raeparatio
778 3011 917 3087 duravit
949 3017 1155 3108 permulta
1187 3024 1325 3121 Secula,

106 3111 228 3188 a·Sec.
253 3112 319 3182 lV.
346 3110 451 3205 usque
476 3109 519 3181 ad
580 3108 643 3179 litii
668 3105 844 3198 medium3
868 3107 1023 3219 quando,
1047 3116 1325 3206 omniburrebut

112 3206 260 3304 piratii,
286 3209 417 3280 scenam
444 3202 580 3300 aperuit
598 3204 730 3297 juratur
745 3204 887 3314 hument
902 3205 1062 3319 genero..
1086 3227 1126 3282 et
1169 3216 1261 3289 raeci
1286 3242 1330 3293 ue-

109 3303 312 3389 Ecclesiae,
339 3301 463 3390 bullit,
489 3322 576 3395 quae
600 3299 699 3372 scena
723 3301 876 3395 pluribus
900 3300 1110 3377 describatur
1126 3235 1212 3404 (gp.
1229 3240 1315 3387 Xill

113 3399 174 3480 ubi
200 3401 251 3470 ΕΙ.
280 3399 447 3494 Vitriiiga
471 3395 677 3469 consulatur.
733 3395 802 3469 Sed
829 3395 899 3502 hic·
914 3397 1013 3470 locut
1037 3398 1131 3472 foret
1154 3403 1326 3501 inquiren·

114 3490 215 3577 diiii
243 3491 478 3566 characterem
502 3485 712 3563 Antichristi
744 3509 782 3563 et
812 3489 962 3579 Bestiae,
1004 3514 1074 3567 nec
1105 3518 1179 3571 non
1210 3519 1320 3579 ortum

115 3597 208 3692 ejus:
235 3587 292 3660 sed
317 3589 387 3661 linc
402 3607 571 3662 executus
596 3582 668 3658 sum
687 3584 724 3659 in
742 3589 938 3690 orationibus
956 3590 1099 3664 merloto
1116 3593 1321 3690 tropicum

114 3687 284 3771 subnexis.

161 3784 193 3884 §.
219 3779 452 3855 Dcxxxiii.
464 3775 691 3854 Conferamus
699 3798 785 3871 ergo
796 3799 858 3850 not
873 3776 914 3852 ad
927 3778 1160 3861 Tubiciniurn
1169 3788 1315 3878 thum3

114 3904 187 3980 quo
215 3876 411 3970 deliquium
434 3874 558 3951 tertiae
577 3876 683 3967 partis
698 3870 935 3948 Luminarium
957 3877 1190 3970 coelestium,
1211 3882 1316 3958 adeo·

108 4000 181 4089 que
207 3972 371 4052 tenebrae
386 3971 434 4078 ,iii
455 3972 598 4049 tertiam
631 3990 752 4045 eorum
777 3988 914 4068 partem
944 3966 1324 4079 induilaerepraesen.

120 4110 162 4143 k.»
820 4126 826 4137 ,

24 4160 212 4432 Ὗ
385 4156 405 4173 „
1215 4091 1324 4152 milli*
