3022 4806
641 606 747 688 Secul.
771 603 954 684 arla·
1124 579 1137 719 ¹⁵
1300 636 1374 711 ¹97

162 779 359 863 conditione
388 785 578 884 juramenti
604 784 817 884 praestandi,
853 783 896 858 de
929 778 1050 857 stando
1077 780 1213 880 judicio
1245 787 1357 883 Papae

157 883 250 979 super
275 881 458 970 omuibus,
491 900 633 978 propter
660 905 745 978 quae
770 883 1091 956 excommunicatus
1116 901 1200 955 erat.
1249 886 1353 957 Com·

154 977 264 1074 posuit
287 999 427 1073 quoque
453 977 545 1052 iuter
570 977 656 1052 duoa
684 979 759 1050 illos
783 999 859 1049 com
888 974 1055 1064 etitorea,
1089 976 1287 1072 Philippum
1316 1000 1354 1054 et

154 1074 350 1161 Othonem,
384 1092 422 1145 ut
445 1072 507 1148 hic
530 1073 580 1146 illi
605 1073 829 1161 succederet,
855 1000 956 1144 fulta
978 1068 1046 1142 lilia
1070 1071 1239 1167 Philippi,
1266 1074 1355 1168 Papa
1507 1100 1508 1103 ’

148 1170 251 1277 super
275 1185 399 1262 quarto
423 1168 753 1261 consanguineitatia
777 1167 882 1260 gradu
909 1164 1135 1258 dispensante.
1189 1169 1355 1264 Philippo

136 1261 346 1336 dorubrevi
372 1264 564 1356 proditorie
590 1282 734 1344 necato,
768 1263 860 1357 Papa
883 1281 1020 1332 omnem
1047 1264 1158 1335 movit
1187 1263 1356 1359 lapidem,

148 1376 185 1431 ut
207 1357 390 1452 inperium
421 1359 687 1431 confirmaretur
715 1357 874 1441 Othoni,
908 1352 1018 1426 failor
1042 1358 1149 1428 ctiam
1183 1381 1350 1434 votorum

146 1473 312 1548 compos,
340 1448 485 1525 Othone
504 1451 572 1524 sese
590 1455 699 1546 Papae
712 1453 909 1545 juramento
925 1446 1181 1544 obstringente,
1201 1453 1233 1526 se
1252 1446 1351 1528 Prae-

148 1547 257 1621 sulum
279 1545 468 1619 eieciionct
493 1568 563 1618 non
591 1545 813 1632 invasurum,
847 1565 969 1618 omnes
993 1543 1208 1637 posieliiones
1231 1551 1353 1627 Eccle-

146 1641 210 1716 liae
236 1638 453 1727 restiturum,
485 1641 677 1714 haereticos
709 1642 926 1724 deleturum,
960 1658 995 1709 et
1033 1662 1098 1733 pro
1137 1640 1274 1735 Sicilia,
1315 1647 1354 1722 in

148 1737 215 1810 side
238 1733 412 1808 Ecclesiae
434 1736 616 1808 Romanae
650 1736 824 1823 mansura,
861 1751 1041 1807 cauturum
1073 1731 1153 1810 esse.
1205 1740 1272 1814 Sed
1303 1744 1353 1814 O·

146 1833 228 1921 tho,
259 1851 300 1903 ea
335 1830 472 1903 ratione
506 1854 536 1923 a,
565 1850 668 1920 1209.
695 1832 831 1903 Romae
863 1854 881 1902 a
915 1831 1005 1922 Papa
1039 1850 1246 1925 coronatus,
1276 1828 1354 1931 jura

140 1926 178 2004 iu
243 1922 538 2015 iniudicatum,
565 1947 646 1999 cum
662 1946 768 1999 terrae
791 1923 879 1997 sedis
896 1925 1073 1997 Romanae
1091 1923 1125 1998 iu
1145 1924 1288 2018 Tuscia,
1315 1948 1353 2004 et

144 2023 172 2095 R
204 2018 329 2109 minu,
354 2039 515 2092 necnon
540 2019 578 2092 in
603 2022 728 2116 Apulia
751 2021 925 2093 ditionem
953 2019 1150 2110 Frederici,
1177 2022 1354 2098 Ecclesiae

147 2119 327 2192 Romanae
350 2112 545 2200 fiduciam,
570 2112 776 2200 invaderet,
804 2135 908 2186 neca
934 2134 999 2204 pro
1026 2111 1115 2185 osrto
1140 2114 1175 2187 se
1192 2119 1355 2193 dimove·

150 2212 187 2380 a
206 2136 1355 2403 rotataannuuntinsusurrantur
1446 2290 1448 2295 ·

149 2403 190 2476 tia
207 2398 383 2477 absolutis.
435 2396 548 2497 Quam
574 2325 998 2474 terribilem’sententlari
1023 2418 1107 2473 mox
1132 2388 1356 2489 eleRioFress

150 2493 275 2587 dorici,
301 2493 443 2568 Siciliae
469 2493 596 2589 Regia,
620 2509 657 2566 et
681 2492 833 2566 Henrici
848 2492 908 2577 ‚V.
935 2488 1019 2578 lilii,
1045 2492 1081 2565 in
1108 2493 1354 2590 mpera’mrem

149 2593 264 2668 secuta
287 2587 350 2663 cst.
402 2586 495 2686 Qui,
530 2586 752 2662 Germaniam
777 2588 968 2683 petiturus,
1002 2586 1153 2664 Romam
1180 2584 1302 2685 vehit,
1335 2622 1356 2675 a

149 2688 236 2784 Papa
262 2683 460 2758 honorifice
483 2682 678 2776 susceptus,
702 2701 738 2753 et
763 2684 991 2790 donationem
1021 2684 1176 2760 Fundani
1203 2691 1356 2766 Comita-

151 2776 1360 2982 mirltllmlzlralair‚recrastinari

151 2973 290 3060 cedern,
319 2968 573 3055 coufirmavrt,
608 2967 705 3042 fimus
736 2969 916 3135 promisit,
951 2965 1138 3043 erectiones
1163 2971 1359 3072 Episcopo,-

152 3090 224 3142 rum
248 3066 288 3140 in
312 3063 423 3138 Sicilia
447 3063 618 3137 canonice
634 3061 711 3150 effe
751 3063 933 3150 aciendas,
966 3063 1016 3136 ita
1045 3083 1082 3136 ut
1106 3066 1197 3161 Papa
1230 3070 1361 3151 confir.

152 3182 281 3253 maret,
316 3161 412 3258 Regi
432 3177 569 3232 tantum
593 3157 834 3235 notificaretur
858 3157 998 3232 electio.
1049 3159 1214 3258 Denique
1232 3166 1360 3241 Frede-

151 3259 214 3334 tici
252 3253 463 3331 cremonem
497 3252 719 3330 corroborari
754 3254 844 3329 fecit
876 3253 915 3328 iu
948 3253 1109 3328 Concilio
1132 3258 1359 3347 Lateranenfi

148 3355 364 3434 lV.a.121
395 3407 432 3426 ..

153 3506 156 3511 .
194 3449 230 3551 5.
254 3374 399 3522 0in
423 3449 680 3524 Recenseamus
703 3469 797 3522 nunc
820 3445 953 3543 reliqua
974 3445 1087 3543 Papae
1111 3449 1185 3524 aila
1204 3471 1240 3526 et
1265 3455 1362 3552 gesta

152 3568 229 3622 cam
253 3541 416 3640 Regibus
438 3561 474 3616 et
489 3543 725 3640 Principibus.
780 3567 810 3617 r.
835 3543 1054 3636 Alphonsum
1073 3544 1140 3635 X.,
1167 3547 1363 3627 Gallaeciae

152 3662 187 3716 et
207 3638 384 3737 Legionis
405 3639 567 3734 Regem,
623 3639 680 3714 uia
710 3636 815 3712 filiam
841 3636 1010 3732 Alphonfi
1039 3639 1161 3730 vlla,
1196 3643 1360 3721 Castellae

152 3735 278 3834 Regia,
304 3753 452 3832 neptem
468 3736 582 3825 suam,
599 3664 768 3824 auxerat,
793 3734 1133 3840 excommunicavit,
1159 3755 1196 3808 et
1213 3762 1361 3835 regnum

154 3828 345 3908 iutertfifio
369 3829 467 3904 sacro
490 3829 695 3926 supposuit,
730 3849 816 3902 mox
840 3828 879 3902 in
903 3829 1007 3901 initio
1028 3831 1275 3924 Pontificum,
1302 3840 1363 3908 do·

156 3947 217 4002 uec
237 3929 320 4003 Rex
343 3924 489 4000 solverit
515 3924 793 3999 matrimonium.
844 3946 876 3997 2.
901 3922 1102 4009 Sanitium,
1133 3927 1391 4024 portugalliae(

161 4019 312 4118 Regem,
343 4021 407 4121 qui
433 4020 580 4097 censum
613 4041 784 4115 aunuum,
819 4021 1002 4096 Romanae
1037 4020 1108 4095 sedi
1140 4025 1366 4115 solvendum,

719 4118 821 4212 Bb3
1270 4122 1377 4218 aPa,
