3022 4806
132 716 134 729 ¹
554 627 588 639 ‘'
647 629 753 708 Secul.
776 625 866 704 XII.
1283 646 1363 720 145

141 801 295 903 Episcopo
326 808 470 905 acceptis
487 862 498 897 ,
507 804 620 979 vqoffe
655 809 808 904 conficere
843 825 957 905 corpus
997 799 1127 904 Christi.
1183 799 1357 884 Distinrit

140 923 274 1000 quoque
301 905 493 978 Reinerius
558 908 712 978 aldenses
733 896 1062 1000 ab'Albigensrbus,
1103 923 1264 975 necnon
1296 903 1353 977 ln'·
1419 919 1422 922 ’

138 999 278 1092 :quintio
307 1000 480 1075 Tolosam
505 1004 596 1094 apud
616 1002 881 1098 ,Limburgium
931 1000 1069 1073 Horum
1095 996 1244 1093 vestigia
1262 996 1354 1092 pres·

143 1093 177 1168 fit
196 1093 375 1184 Rolluetus
389 1094 464 1191 bist.
487 1097 713 1168 Variationum
728 1117 798 1181 etc.
817 1099 838 1171 l.
859 1099 927 1186 ll.,
953 1095 1229 1190 contenditque,
1254 1096 1351 1167 Wal-

144 1190 261 1262 denles
284 1191 323 1262 in
352 1193 479 1263 summa
504 1191 553 1263 rei
580 1214 658 1264 curn
678 1191 868 1265 Catholicis
894 1186 1048 1277 senfiffe,
1074 1190 1230 1283 adeoque
1249 1189 1351 1265 fuisse

140 1303 272 1356 rantum
301 1285 561 1359 Schismaticoa.
615 1287 711 1383 Quid
740 1288 782 1358 ad
807 1290 891 1358 haec
914 1282 1175 1359 Protestan'tes‘l
1200 1285 1353 1378 Vulgata

140 1400 255 1453 <orum
291 1399 396 1456 antea
415 1378 495 1456 ruit
526 1380 673 1478 opinio,
712 1383 914 1478 Albigensea
945 1399 980 1453 et
1011 1379 1217 1454 Waldenses
1249 1380 1352 1456 fuisse

142 1474 293 1563 collem,
326 1477 483 1573 adeoque
509 1477 850 1566 Manichaeismurn,
882 1474 1118 1550 Arianismum
1148 1495 1237 1566 eru,
1268 1474 1353 1573 ipsis
1402 1554 1408 1560 ,

140 1570 364 1740 {illlis
382 1569 749 1762 Psslals‘bgli
768 1571 1189 1765 fflillllmnstclllll
1211 1593 1352 1742 sss

142 1784 218 1850 ·19.,
244 1760 344 1856 cujus
369 1760 714 1851 tamenqtellirnonia
740 1770 851 1860 magis
876 1764 913 1837 in
934 1759 1139 1835 Waldenses
1158 1760 1348 1856 quadrant,

146 1856 216 1930 lieet
241 1858 328 1928 tales
358 1856 500 1954 quoque¹
530 1858 646 1953 plurea
680 1856 780 1932 fuisse
807 1857 1013 1953 Albigenses
1035 1855 1210 1929 evincant.
1261 1858 1349 1935 Vid.

145 1952 241 2028 etiam
263 1970 367 2024 autor
389 1954 488 2043 libri,
528 1959 561 2024 lo
585 1953 821 2026 condemnarion
852 1958 889 2028 dc
915 1953 1090 2039 Bobilane,
1122 1970 1243 2025 contra
1267 1956 1349 2026 Bos·

137 2047 294 2139 suetum,
326 2047 387 2120 ubi
419 2047 464 2120 de
488 2047 746 2136 waldensibus,
771 2070 962 2144 eorumque
987 2045 1217 2141 antiquitate,
1243 2050 1349 2123 etiam

144 2144 269 2238 egion,
311 2160 350 2214 et
385 2143 624 2237 Albigenlium
657 2165 767 2239 aeque
800 2167 842 2217 ac
879 2139 1115 2216 Waldensrum
1151 2144 1277 2231 puritas
1312 2146 1350 2220 in

99 2320 102 2325 ,
141 2237 296 2313 domna
321 2254 360 2307 et
383 2240 535 2311 moribus
571 2237 778 2312 vindicatur.
827 2237 895 2311 Sed
925 2234 1059 2309 abbae
1084 2236 1253 2309 sententia
1282 2237 1351 2312 dis·

146 2334 235 2409 cellit
252 2331 491 2428 Limborgius,
514 2331 593 2424 qui,
613 2329 818 2430 Albigenses
833 2356 852 2406 a
868 2327 1148 2405 Manichaeisrno
1164 2350 1233 2405 non
1250 2334 1349 2431 polle

140 2429 291 2516 ·bsolvi,
323 2426 483 2523 disputat.
531 2428 692 2502 Mediam
725 2428 895 2524 quandam
921 2425 1014 2500 viam
1044 2443 1167 2499 tenent
1191 2426 1267 2518 alii,
1310 2451 1349 2504 ut

139 2520 386 2619 -Spanbemiua,
422 2540 460 2596 et
485 2522 669 2618 Basnagiua
693 2526 729 2596 in
746 2522 825 2598 lrist.
850 2523 1004 2608 Eccles,
1031 2540 1069 2593 et
1092 2520 1197 2596 fufius
1221 2524 1256 2596 in
1283 2525 1349 2622 lis·

143 2625 220 2694 toria
243 2615 466 2710 Ecclcfiarum
497 2617 784 2711 Reformatmum,
826 2618 886 2692 ubi
927 2615 1083 2691 allorum
1115 2617 1350 2713 lnquifirionn

135 2713 336 2790 'Tolosanae
358 2714 528 2810 prolixam
556 2714 650 2789 dedit
675 2712 934 2801 recensionem,
959 2735 1036 2807 cap.
1065 2733 1124 2785 10.
1149 2734 1240 2800 erc..
1266 2717 1348 2810 qun,

136 2811 229 2887 inter
255 2832 318 2882 eos
342 2806 440 2882 luisse
466 2808 699 2885 Manichaeoa
723 2829 760 2884 et
776 2808 944 2898 Arianos,
972 2807 1183 2896 concedunt,
1208 2829 1251 2880 ex
1267 2812 1350 2884 Ori·

144 2922 223 2980 ente
252 2904 290 2977 in
313 2901 406 2994 illae,
431 2923 468 2977 et
485 2905 566 2978 alias
586 2903 813 2994 Occidentis,
831 2903 994 3001 regiones
1020 2901 1174 2980 delatos,
1199 2901 1256 2976 sed
1272 2906 1352 2979 lon·

143 3024 183 3099 ge
208 2999 400 3074 maximam
425 3020 559 3095 partem
586 3022 647 3075 eos
672 2997 774 3073 fuisse
797 3005 957 3096 puriores
965 3051 976 3089 ,
1000 3016 1020 3068 a
1049 2993 1241 3073 Pontificiit
1265 3019 1352 3077 vero

139 3098 228 3175 iuter
252 3095 288 3168 se
315 3093 498 3186 confusos,
522 3093 750 3168 contendunt.
1288 3112 1292 3121 ·
1327 3116 1335 3153 1

180 3194 214 3292 s.
241 3189 393 3264 CXXV.
425 3189 594 3287 Equidem
622 3211 693 3263 non
718 3185 846 3264 iverirn
871 3186 1025 3276 inficiae,
1059 3187 1288 3265 Manichaeor
1312 3189 1352 3268 in

132 3286 193 3363 ‘hia
217 3285 423 3382 regionibus
442 3283 543 3360 soille
573 3286 729 3359 versatos
762 3284 852 3358 haud
881 3285 1014 3379 exiguo
1048 3304 1216 3373 numero,
1254 3286 1354 3361 Albi·-

137 3378 294 3480 'genlium
329 3403 469 3477 quoque
501 3380 646 3453 nomine
676 3378 878 3475 insignitor,
920 3379 965 3452 de
997 3401 1068 3475 quo
1099 3377 1170 3454 vid.
1196 3379 1352 3475 Ulleriuq

142 3498 177 3551 ot
198 3475 424 3572 Lirnborgiua
446 3478 468 3549 l.
494 3477 578 3566 cit,
609 3475 759 3549 admitto
781 3496 939 3570 quoque,
972 3472 1063 3546 inter
1089 3473 1294 3552 Waldenses
1315 3492 1354 3553 et

137 3572 346 3669 ‘Albigenses
363 3569 480 3664 paffirn
498 3569 589 3656 hoc,
605 3588 652 3644 ·et
668 3570 855 3665 sequente,
874 3567 1007 3657 seculo,
1026 3566 1077 3641 ita
1096 3567 1196 3642 luisse
1212 3568 1355 3650 distine-

137 3678 232 3758 ¹turn,
269 3686 310 3738 ut
334 3665 536 3763 Albigensea
565 3665 695 3745 fuerint
730 3663 855 3737 censiti
877 3661 1065 3832 principia
1096 3664 1250 3741 habuisse
1273 3671 1357 3768 Ma·

141 3759 354 3853 nichaeisrni,
378 3759 402 3833 fi
429 3782 499 3836 noo
522 3760 707 3845 crassioris,
732 3759 850 3833 saltem
893 3757 1084 3847 ubtilioris,
1108 3774 1283 3854 ”quatenus
1307 3765 1354 3838 de

138 3857 311 3949 ·Diabolo,
353 3862 512 3955 tanquam
545 3858 654 3931 altero
678 3854 792 3953 aliquo
818 3856 898 3929 Deo
922 3854 1021 3951 hujus
1048 3856 1188 3945 mundi,
1224 3857 1355 3933 fuerint

145 3953 270 4040 locuti,
313 3971 351 4024 et
375 3974 516 4025 carnem
544 3975 611 4049 pro
646 3952 725 4026 sede
747 3950 887 4048 peccati
913 3950 1117 4038 habuerint,
1155 3975 1270 4048 eoque
1292 3966 1357 4024 no·

146 4051 237 4122 nine
259 4048 303 4122 ab
328 4046 427 4122 omni
449 4068 529 4122 cum
551 4070 659 4125 carne
679 4046 902 4124 commercio
919 4044 1171 4138 abstinuerint,
1196 4064 1235 4127 nt
1258 4045 1359 4147 supra

136 4142 163 4202 t,
187 4144 275 4225 Turn.
304 4143 370 4218 VI.
760 4142 798 4220 T
1196 4140 1363 4235 exposui,
