3022 4806
526 666 529 671 .
627 592 731 683 Sacas.
758 593 845 671 XII.
956 648 959 655 ,
1307 600 1355 686 89

139 775 231 864 bant,
265 771 535 874 constringunt,
559 773 681 848 Laicas
706 772 926 872 proscribunt
950 770 1162 860 elesliones,
1195 766 1344 865 denique

136 870 344 944 clericorum
375 871 632 945 continentiam
666 869 833 945 sanciunt.
884 869 1047 942 Tandem
1083 871 1205 952 Petrus
1243 868 1357 938 Lom··

137 971 275 1054 bardus,
300 973 393 1061 quod
410 968 560 1049 dixerit,
588 966 761 1040 Christum
786 990 845 1038 nort
862 963 921 1060 effe
944 968 1068 1060 aliquid
1083 965 1258 1056 secundum
1274 963 1353 1055 quod

133 1066 216 1136 loma
244 1062 311 1156 est,
358 1065 401 1134 de
427 1087 496 1160 quo
524 1064 622 1158 supra
646 1069 726 1159 egi,
767 1064 907 1157 aPapa
938 1085 1021 1135 mox
1057 1060 1136 1154 post
1164 1058 1351 1133 concilium

136 1161 183 1232 est
210 1162 413 1247 damnatus,
446 1159 504 1231 seu
528 1159 663 1253 potius,
693 1159 892 1231 Lombardo
921 1179 992 1229 non
1030 1156 1234 1244 nominato,
1279 1152 1355 1247 ejus

136 1256 242 1329 modo
263 1275 454 1327 memorata
477 1256 622 1348 opinio,
648 1255 902 1343 Cardinalibua,
925 1275 970 1325 ne
989 1253 1202 1326 Lombardus
1224 1249 1354 1347 prosti-

136 1369 312 1436 tueretur,
340 1373 405 1443 pro
431 1373 472 1421 eo
496 1348 803 1423 intercedentibus.

180 1447 212 1544 p,
240 1446 428 1517 LXXVII.
473 1447 613 1516 Praeter
650 1445 880 1539 gravissimam
916 1443 1006 1518 hanc
1041 1467 1122 1521 curn
1158 1444 1355 1519 Frederico

135 1565 170 1619 et
195 1543 403 1634 Antipupis
432 1540 753 1628 concertationem,
787 1540 850 1613 alia
886 1538 950 1634 ipsa
984 1564 1062 1613 cunr
1095 1540 1351 1623 llenrico,ll.‚

138 1638 287 1734 Angliae
312 1638 439 1730 Rege,
470 1634 657 1707 intercessit
673 1656 816 1730 propter
835 1636 985 1717 Tomam
1003 1638 1208 1723 Beccetum,
1233 1628 1357 1711 Eccle·

139 1736 201 1809 sne
224 1728 478 1821 Cantuariensrs
503 1732 619 1826 primo
634 1730 960 1821 Archiliaconum,
986 1733 1068 1804 dein
1099 1730 1246 1803 llenrici
1264 1737 1355 1807 Can·

139 1829 332 1912 cellarium,
356 1826 505 1920 denique
527 1824 836 1922 Archiepiscopum
855 1825 1128 1900 Cantuariensem
1146 1830 1187 1901 ab
1205 1850 1233 1901 a.
1247 1836 1353 1903 1162.

141 1928 260 2020 Quae,
287 1923 386 1993 valde
403 1922 656 2010 memorabilis,
684 1921 824 1995 historia
846 1924 994 2016 petenda
1018 1920 1067 1995 est
1094 1947 1136 1995 ex
1163 1921 1356 1995 llilloricis

140 2018 402 2113 Neubrigensr,
433 2039 473 2089 ac
497 2016 681 2089 Matthaeo
698 2016 894 2106 Parisrensr,
922 2043 989 2091 nec
1013 2040 1083 2089 non
1103 2043 1147 2091 ex
1171 2018 1256 2090 aslis
1285 2018 1356 2089 To·

140 2140 235 2201 mae,
262 2135 437 2205 aquatuor
455 2112 676 2184 familiaribus
695 2114 767 2209 ejus
782 2110 987 2207 conscriptis
1033 2137 1138 2205 quae,
1164 2114 1257 2185 edita
1273 2136 1354 2186 cum

142 2214 213 2307 ejus
235 2208 402 2304 Epistolis
425 2230 455 2280 a.
481 2206 607 2281 Christ.
632 2209 755 2303 Lupo,
779 2206 970 2300 supersunt.
1050 2209 1143 2277 aulic-
1167 2209 1352 2303 praecipue

143 2307 280 2379 suerunt
307 2307 412 2392 duae,
439 2325 524 2397 quae
548 2304 688 2413 Regem
716 2323 752 2376 et
769 2304 923 2385 Tomam
950 2303 1006 2377 sec
1033 2327 1064 2373 m
1084 2304 1356 2391 commiserunt,

143 2405 266 2490 alteru,
303 2400 397 2492 quod
430 2403 471 2471 ad
499 2399 678 2496 Regalram
706 2421 778 2473 non
814 2416 947 2471 tautum
974 2398 1147 2472 censuerit
1172 2398 1253 2473 Rex
1278 2424 1357 2495 pet·

141 2504 274 2585 tinere,
301 2514 360 2578 ut,
394 2512 540 2576 vacante
565 2493 644 2567 sede
671 2491 889 2591 Episcopali,
913 2492 987 2590 ipse
1007 2493 1135 2567 reditus
1160 2496 1357 2593 pereipiat,

140 2593 243 2666 etde
269 2589 313 2662 iis
339 2588 520 2684 disponat,
551 2612 592 2663 ac
615 2589 804 2680 beneficia,
838 2612 918 2662 cum
943 2590 1133 2664 animarum
1158 2613 1259 2677 cura,
1299 2594 1357 2666 vel

137 2684 408 2784 jurisdittione,
435 2705 505 2756 non
529 2685 736 2780 conjuncta,
762 2684 938 2777 conserat,
968 2689 1100 2782 quippe
1129 2688 1225 2782 quod
1245 2687 1358 2782 Regi·

141 2790 202 2860 bus
226 2778 377 2877 Angliae
404 2802 513 2873 aeque
544 2803 585 2853 ac
619 2781 747 2858 Galliae
778 2782 926 2862 licebat,
968 2804 1007 2853 ut
1041 2800 1167 2855 contra
1194 2782 1356 2876 Lupum,

143 2879 200 2977 qui
224 2880 319 2950 hanc
343 2876 505 2971 regaliam
558 2896 632 2951 orat
656 2876 875 2972 praecipuam
900 2873 1003 2948 fuisse
1027 2874 1282 2949 controversiae
1302 2899 1358 2949 ca·

143 2994 224 3074 put,
259 2967 510 3045 demonstravit
559 2968 670 3044 laralia
700 2971 897 3044 Alexander
925 2971 1010 3045 Dils.
1035 2972 1078 3044 X.
1104 2970 1145 3045 ad
1169 2971 1241 3043 hoc
1267 2968 1357 3063 sec„

145 3075 203 3148 sed
227 3069 321 3166 quod
349 3066 446 3139 sedes
471 3064 530 3137 diu
554 3084 693 3139 teneret
719 3085 882 3143 vacantes
908 3067 1010 3158 Rex,
1045 3086 1083 3138 ut
1116 3067 1246 3140 reditus
1280 3090 1359 3160 per·

146 3170 304 3263 ciperet,
336 3164 497 3258 quodque
523 3184 584 3236 eos
609 3183 700 3251 non,
732 3181 769 3236 ut
793 3163 998 3260 oportebat,
1042 3165 1084 3235 ad
1111 3161 1186 3259 pios
1212 3184 1358 3239 conver·

147 3282 233 3336 teret
251 3256 353 3344 usos,
378 3258 436 3328 sed
456 3278 492 3328 ut
516 3256 722 3347 Dorrrinicus,
747 3260 805 3333 seu
831 3257 931 3347 suos,
958 3260 1135 3345 tractaret,
1161 3278 1199 3332 ut
1223 3259 1355 3354 capitu·

148 3361 215 3431 lum
244 3377 376 3428 rantum
404 3354 680 3427 clarendunense
705 3353 832 3439 habet;
856 3352 947 3448 quod
975 3372 1152 3448 praeterea
1169 3356 1249 3429 Rex
1267 3357 1394 3448 elec-„N

150 3457 282 3526 tionum
312 3447 506 3523 libertatem
535 3447 730 3543 inpediret,
764 3449 846 3522 dein
880 3448 990 3522 nullus
1016 3450 1102 3546 eligi
1128 3449 1260 3543 pollet,
1294 3451 1359 3527 nist

152 3572 247 3645 quem
272 3544 355 3617 Rex
382 3540 606 3638 designasset,
645 3543 717 3639 ipsc
742 3544 847 3631 etiam
874 3544 1040 3618 beneficia
1074 3568 1154 3618 cum
1180 3568 1264 3622 cura
1286 3545 1363 3623 ani·

156 3667 284 3718 marum
303 3660 466 3737 connexa
485 3640 680 3729 consciret,
698 3659 844 3715 vacante
863 3635 942 3711 sede
955 3638 1163 3738 *Episcopali
1210 3642 1360 3719 Alteram

153 3738 275 3813 causam
303 3733 468 3833 praebuit
491 3733 676 3808 contentio
702 3735 746 3807 de
767 3726 1014 3829 jurisdisiidnis
1041 3734 1361 3814 Ecclesiasticae'et

156 3836 284 3934 Regiae
312 3828 462 3918 finibus,
488 3830 569 3904 dum
594 3828 676 3906 Rex
702 3827 919 3905 facinorosus
948 3830 1107 3907 Clericus
1132 3831 1217 3909 tradi
1240 3834 1359 3909 volue-

156 3932 195 4002 rit
216 3929 348 4004 Curiae
372 3924 543 4015 seculari,
576 3926 655 4017 quia
684 3925 726 3999 ad
750 3950 872 4001 eorum
896 3925 1074 4016 facinora,
1099 3927 1177 4001 satis
1200 3930 1361 4029 frequen·

161 4021 567 4196 ldapconffi'ebatufssh
588 4022 759 4118 uectem,
784 4024 847 4195 une}
865 4022 1103 4121 poenitentiae
1126 4042 1257 4128 tautum
1273 4047 1362 4129 poe·

147 4174 153 4179 -
226 4147 283 4199 om.
368 4173 379 4195 .
712 4138 719 4149 ·

682 4363 706 4403 b
