3022 4806
134 603 204 679 166
536 581 684 684 Hillorio
705 583 833 683 Ecrlrs.
860 584 977 689 Clutipl.

136 778 213 881 effer
240 769 349 874 coslus
373 789 510 867 maguus
533 767 651 856 oolla,
678 767 912 863 Imperatorio
931 766 1058 868 flumem
1080 767 1266 870 descendit,
1290 800 1368 854 cum

138 883 259 956 duoiur
288 872 468 956 militibus,
493 862 659 1032 voluisse
684 869 859 957 iolmror03
882 891 1036 964 quumque
1052 891 1171 948 maturo
1191 871 1362 970 coepisti,

140 971 303 1069 doorrrsus
325 963 382 1063 est.
430 961 541 1037 Addit
566 984 601 1035 ro
623 983 665 1034 aa
689 962 821 1060 Ostems.
894 965 939 1040 ud
961 967 1222 1062 Muratorium,
1253 974 1367 1069 impio·

136 1094 219 1170 grus
242 1075 276 1140 io
292 1062 480 1160 scopulum,
504 1059 644 1133 motando
666 1062 770 1134 uirum
793 1063 861 1134 omi
888 1077 926 1151 t,·
951 1085 975 1135 a
999 1065 1284 1162 militibusigitur
1300 1070 1365 1144 ool·

138 1161 311 1269 prelttosus
343 1160 385 1230 ul
414 1161 520 1251 ripam
539 1153 718 1252 semiviros
744 1158 894 1248 ducitur,
933 1175 1071 1256 uccrplu
1099 1164 1365 1259 poeaitentiam

140 1280 266 1358 corporo
292 1255 446 1342 Domini,
475 1275 510 1324 eo
532 1255 583 1325 lie
598 1269 741 1325 mortuus
765 1251 824 1348 rfl.
877 1252 955 1355 Qua
991 1255 1124 1333 infeh‘ci
1152 1278 1268 1335 morte
1290 1259 1360 1337 dis·

142 1359 266 1454 supatus
289 1350 340 1424 est
363 1347 558 1440 exercitur,
592 1349 703 1444 major
729 1367 845 1422 tamen
868 1372 948 1446 paro
974 1354 1173 1446 conradum,
1204 1356 1360 1434 Sueviue

141 1456 302 1538 Ducem,
329 1445 541 1544 inperatoris
556 1442 688 1535 filium,
714 1443 766 1518 est
790 1443 919 1520 secuta.
970 1449 1086 1526 Venit
1102 1451 1244 1547 quidem
1262 1455 1361 1530 Cou-

143 1549 244 1624 radus
265 1567 348 1618 cum
372 1541 512 1637 reliquis
538 1539 652 1640 copiis
675 1560 739 1637 per
757 1562 852 1614 mare
873 1540 1123 1637 Antiochiam,
1148 1546 1208 1621 sed
1238 1566 1359 1629 totum

140 1642 220 1721 fere
252 1638 366 1717 amisit
398 1637 617 1728 exercitum,
660 1634 759 1732 peste
791 1635 1360 1740 ablumtum.cum12rioeipibur;

142 1764 232 1840 quae
256 1738 344 1812 adeo
372 1732 514 1833 grallata
539 1732 628 1822 fuit,
671 1750 710 1805 ut
741 1754 865 1826 magna
891 1735 1051 1829 quotidie
1080 1740 1271 1815 multitudo
1300 1764 1360 1818 ca·

143 1844 265 1926 deret,
298 1852 382 1918 nec,
410 1831 469 1925 qui
496 1827 672 1922 sepeliret,
710 1827 940 1904 inueniretur.
999 1833 1141 1908 cecidit
1170 1836 1292 1933 iraque
1321 1856 1361 1914 et

142 1937 236 2012 haec
262 1925 480 2023 inperatoris
507 1923 642 1997 illustris
674 1923 859 2017 expeditio
885 1925 1093 2022 iovaoum,
1118 1935 1267 2027 quaein
1294 1955 1359 2010 eu·

146 2046 216 2106 tem
256 2021 304 2098 sui
342 2018 582 2095 concitaverat
620 2015 925 2116 exspectationem.
986 2024 1071 2100 Vid.
1105 2028 1236 2105 Chrou.
1307 2030 1361 2107 ei·

144 2122 345 2219 chersper.
755 2210 763 2226 .

146 2141 805 2420 fusiorem‚troo
818 2215 1246 2410 irrisorem
1268 2240 1361 2391 tt

142 2426 181 2486 ta
205 2403 427 2482 incommoda
462 2403 500 2475 in
532 2404 685 2476 Siciliam
718 2400 876 2500 adpulsi,
918 2407 1125 2502 hyemarum
1155 2409 1360 2506 Meffanae3

143 2504 283 2605 quando
308 2500 475 2590 Philippus
499 2498 717 2574 Palaestinam
752 2498 870 2573 versus
896 2502 1017 2592 solvit,
1051 2523 1089 2577 et
1107 2507 1209 2602 apud
1236 2508 1360 2584 Acco·

146 2621 247 2686 nem,
291 2596 348 2669 seu
372 2592 605 2683 Ptolemaida,
646 2617 692 2668 eo
731 2613 893 2691 tempore
928 2598 1142 2675 acruciatiu
1165 2604 1361 2699 obseffam,

144 2693 291 2793 adpulit.
338 2688 522 2762 Rioloordus
549 2712 636 2763 vero
668 2688 715 2786 (is
745 2693 839 2764 enim
875 2710 959 2767 tunc
986 2693 1054 2768 fuit
1079 2694 1228 2792 Angliae
1249 2700 1358 2796 Rex,

140 2806 286 2870 'mortuo
308 2781 509 2881 Heurico,)
546 2809 625 2859 cum
651 2786 752 2860 clalle
780 2789 932 2883 Cyprum
953 2787 1127 2887 adpulsus,
1164 2814 1243 2868 eam
1265 2792 1359 2874 insu·

146 2894 215 2970 lam
244 2885 584 2978 Pseudo-inperatori
624 2884 739 2955 isaaco
770 2883 974 2973 Comneuo,
1017 2888 1077 2983 qui
1111 2886 1163 2962 ibi
1193 2890 1358 2971 domina·

129 2992 267 3068 xbatur,
293 2999 468 3068 ereptam,
495 2979 562 3053 suis
578 2978 730 3053 munivit
746 2976 933 3069 militibus,
957 3004 1060 3076 quam
1080 2981 1201 3080 postea
1217 2987 1358 3065 Guido·

147 3082 206 3171 ni,
233 3073 552 3170 Hierosolymitaoo
578 3077 692 3173 Regi,
716 3077 772 3148 vel
797 3076 979 3165 vendidit,
1017 3080 1094 3168 vel,
1129 3098 1168 3153 ut
1194 3079 1357 3162 Neubri·

149 3173 259 3270 gensis
285 3169 412 3261 refert,
446 3172 622 3260 donavitr
643 3172 734 3267 quod
748 3173 880 3246 initium
906 3171 974 3244 fuit
997 3175 1098 3271 regni
1115 3177 1236 3274 Cypri.
1270 3182 1357 3259 Hoc

148 3267 347 3351 intransitu
374 3265 533 3360 peraeto,
556 3264 656 3340 venit
679 3288 715 3339 et
741 3268 819 3363 Ipse
836 3268 870 3342 in
894 3267 1134 3364 Palaestinam,
1158 3272 1355 3375 juniioque

148 3366 309 3444 exercitu
326 3361 499 3459 Philippi,
521 3363 698 3436 Acconem
716 3363 940 3460 expugnavit.
964 3365 1125 3462 Philippo
1143 3369 1244 3462 dein,
1262 3395 1358 3450 mor.

149 3468 198 3544 bo
220 3481 386 3560 gravato,
413 3478 450 3531 et
477 3457 651 3532 Richatdo
676 3457 875 3550 diffidente,
892 3461 933 3534 ad
952 3458 1009 3534 sua
1024 3467 1163 3536 reuerso
1178 3488 1209 3542 a.
1224 3491 1357 3560 1191.‚

149 3554 436 3650 Richardus,qui
456 3555 543 3628 iulus
560 3578 639 3629 cum
653 3556 832 3631 lediiffimo
848 3555 1002 3630 exercitu
1019 3557 1069 3632 ibi
1087 3559 1230 3653 mansit,
1256 3567 1359 3644 urbes

149 3657 340 3732 maritimas
365 3673 434 3723 non
463 3669 595 3724 tantum
621 3656 778 3750 recepit,
813 3676 852 3726 ac
875 3653 1068 3749 reparavit,
1107 3659 1355 3760 munivitque,

147 3753 207 3832 sed
232 3747 445 3829 Saladinum,
476 3769 544 3832 200
569 3748 710 3822 millium
736 3746 849 3842 copiis
876 3747 1057 3844 stipatum,
1082 3753 1234 3848 glorioso
1257 3782 1358 3853 prae·

147 3849 196 3928 iio
220 3842 372 3949 devicit,
405 3838 551 3934 ingente
577 3844 669 3916 illata
694 3843 825 3940 strage,
850 3846 961 3940 ipsum
986 3847 1209 3942 saladinum,
1235 3853 1356 3934 duello

148 3970 230 4027 cum
253 3965 296 4015 eo
320 3941 428 4019 inito,
453 3935 497 4007 de
521 3960 611 4029 equo
635 3940 852 4030 deturbavit,
877 3939 927 4016 ita
950 3963 989 4017 ut
1006 3943 1099 4032 turpi
1122 3947 1205 4044 fuga
1229 3950 1264 4024 se
1283 3954 1355 4026 set·

135 4067 233 4140 ‚vare
249 4032 520 4116 coatlusfuerit.
544 4035 795 4130 Recuperailet
810 4037 905 4112 forte
922 4041 1028 4116 etiam
1045 4039 1354 4146 Hierosolymam,

1328 4142 1360 4222 fi
