2976 4830
101 568 177 657 556
490 554 637 679 ldstoria
661 560 787 660 Eccles.
815 565 936 665 Christ.

100 736 301 816 Manarrltia
331 728 508 820 Goldalli,
544 757 612 809 nec
648 759 716 811 nnn
751 764 867 815 rerum
897 745 1198 825 Germanicarum
1228 753 1318 829 lthrot

102 859 196 922 tres,
230 837 355 928 qulbus
386 846 431 901 de
466 835 607 906 urbibus
638 854 673 906 et
707 842 914 932 populorum
953 851 1164 940 originibus
1194 851 1316 924 erudite

100 931 254 1006 uiderit:
285 925 367 998 editi
402 923 480 996 sunt
518 929 735 1004 emendatius
768 955 849 1008 cum
883 941 1165 1032 acceffionibus,
1198 968 1234 1018 et
1257 947 1316 1019 sita

102 1023 291 1110 Rhenani,
318 1043 339 1094 a
365 1019 446 1125 Jolr.
471 1021 638 1128 sturmio.
688 1028 852 1102 Ceterum
877 1032 1008 1137 ingens
1036 1038 1108 1109 luit
1126 1041 1254 1113 Erasmi
1269 1043 1313 1114 ad·

104 1121 273 1205 mirator,
304 1117 361 1189 cui
384 1134 491 1186 ettam
516 1140 553 1188 tn
577 1115 675 1192 causa
704 1124 763 1194 relr
793 1126 886 1198 ionis
911 1134 983 1201 luit
1010 1130 1144 1207 limilis.
1192 1138 1313 1233 Adprn·

102 1215 202 1296 bavit
235 1211 374 1308 quidem
409 1210 620 1317 religionem
654 1146 944 1311 proeliantium,
981 1225 1043 1298 sed
1074 1250 1155 1303 eatn
1179 1255 1250 1305 non
1274 1231 1314 1305 eli

103 1307 296 1410 prolellus,
335 1331 355 1379 a
392 1303 682 1398 disputationibus
722 1310 765 1384 de
802 1317 982 1421 religione
1025 1322 1182 1415 alienus,
1221 1346 1253 1399 et
1282 1331 1316 1399 in

106 1400 355 1481 communione
386 1399 562 1475 Ecclesiae
594 1405 794 1480 Catholicae
819 1410 1020 1488 delunilua.
1077 1420 1217 1495 Scholia
1238 1445 1313 1494 vero

105 1503 182 1596 ejus
209 1497 247 1571 in
280 1494 555 1586 Tertullianum,
582 1520 662 1572 cutn
695 1501 838 1596 epistola
861 1507 906 1579 de
930 1510 1091 1585 Primatu
1110 1519 1220 1604 Patri,
1244 1540 1311 1610 pro·

105 1594 221 1669 hibita
253 1590 332 1665 sunt
364 1589 404 1662 in
431 1590 649 1667 Tridentino
676 1596 809 1673 lodice.
858 1600 898 1672 ln
926 1605 999 1680 hoc
1023 1631 1140 1704 aeque
1163 1635 1204 1685 ac
1229 1609 1313 1684 anni

106 1684 333 1764 scientiarum
358 1706 489 1778 genere
512 1687 640 1762 illustre
667 1711 796 1767 nomen
822 1694 927 1769 habet
952 1700 1078 1792 Julius
1109 1706 1231 1803 Caesar
1247 1711 1314 1780 Sca·

105 1786 214 1880 liger,
249 1805 294 1856 ex
328 1779 530 1855 nobililllnra
555 1783 755 1881 Principum
779 1789 1039 1871 veronensium
1065 1799 1223 1889 familia,
1246 1807 1313 1878 Pht·

107 1879 294 1972 losophtts,
313 1875 504 1982 Medicus,
531 1896 568 1947 et
599 1879 797 1976 Philologus
827 1890 1045 1983 praeclarus,
1077 1897 1266 1971 delunftus
1286 1922 1311 1970 a.

112 1997 241 2068 1559„
266 1993 342 2070 qut,
362 1991 501 2066 praeter
516 1975 603 2062 alia,
628 1979 829 2071 composuit
843 2003 1077 2063 commentar.
1097 1991 1136 2063 in
1157 1994 1311 2066 Aristone·

108 2073 148 2148 lis
178 2069 343 2164 historiam
375 2069 586 2158 animalium,
619 2068 856 2166 Theophrasti
888 2079 1008 2154 histor.
1042 2088 1255 2177 plantarum,
1277 2088 1313 2160 de

109 2164 216 2257 aaasss
242 2167 375 2257 linguae
402 2163 567 2253 Latinae,
600 2164 873 2242 exercitationes
895 2178 939 2246 de
953 2175 1160 2270 subtilitate
1177 2189 1219 2256 ad
1246 2189 1313 2256 Car·

111 2265 261 2346 danum,
287 2266 392 2332 dere
415 2259 563 2353 poetica.
594 2262 810 2364 'Juvenilem
836 2266 936 2340 trivit
961 2272 998 2342 in
1023 2276 1133 2348 armis
1153 2299 1313 2365 aetatem,

106 2361 186 2436 sero
211 2355 282 2427 sese
315 2354 357 2424 ad
382 2351 492 2424 studia
513 2353 699 2447 adplicuit,
727 2377 764 2430 et
787 2359 892 2434 nimis
903 2369 1057 2456 audace,
1083 2375 1183 2461 acri,
1210 2397 1245 2446 et
1262 2397 1314 2444 te·

112 2447 270 2528 hementi
296 2446 365 2518 fuit
386 2445 534 2542 ingenio.
584 2451 771 2540 Ceterum,
797 2477 946 2549 quatuor
960 2467 1060 2536 annis
1077 2487 1162 2538 ante
1177 2491 1315 2541 morien

114 2569 196 2621 curn
221 2540 351 2711 lapidum
376 2541 446 2614 ess'e
469 2540 845 2642 Semi-Lethaeum,
870 2554 979 2628 Filius
1005 2561 1084 2654 ejus
1108 2564 1150 2636 in
1174 2566 1314 2660 Scalige-

111 2663 244 2718 rantsa
283 2656 364 2709 errt.

124 2778 128 2783 -
158 2737 191 2838 ς.
216 2733 321 2810 Dav.
346 2733 441 2802 Inter
470 2734 641 2806 Hebraeae
669 2732 805 2834 linguae
836 2741 987 2815 cultores
1018 2768 1155 2825 nomen
1189 2754 1319 2851 quidem

112 2852 271 2913 meretur
304 2827 475 2923 Jaltaaaes
509 2827 711 2922 Campanſss,
747 2835 916 2908 Profellor
948 2839 1022 2932 ejus
1047 2842 1195 2938 linguae
1216 2853 1320 2921 Luta·

112 2931 184 3019 nii,
211 2945 309 3000 autor
334 2926 573 2996 commentarii
588 2951 624 2997 an
643 2925 808 3018 Psaiuros,
835 2930 890 3002 seu
910 2935 1192 3028 paraphraliicae
1208 2966 1319 3015 eorum

114 3019 435 3117 interpretationis,
471 3021 568 3114 juxta
599 3024 785 3097 veritatem
818 3026 1038 3115 Hebraeam3
1073 3035 1120 3107 de
1152 3061 1224 3132 quo
1255 3040 1320 3112 vid

114 3119 320 3196 schelhorn.
357 3115 523 3188 amoenis.
557 3116 680 3189 Litter.
715 3139 803 3191 tom·
829 3120 905 3195 Xl,
934 3124 1003 3196 Sed
1035 3128 1111 3222 ejus
1136 3130 1242 3206 studii
1267 3154 1323 3230 per

116 3211 262 3292 Galliam
289 3208 497 3282 instaurator
528 3208 615 3293 fuit,
640 3213 854 3310 multumque
876 3216 912 3289 in
938 3220 1102 3295 Hebraea
1131 3247 1170 3299 et
1195 3229 1323 3304 Graeca

112 3312 231 3406 lingua
247 3303 437 3401 praestitit,
465 3304 658 3401 Franciscas
679 3311 864 3399 Vatabias,
889 3312 1029 3388 natione
1048 3317 1191 3412 Gallus,
1216 3327 1322 3421 patria

115 3401 380 3489 Ambianensrs,
404 3421 560 3474 mortuus
581 3427 612 3475 a.
643 3425 747 3496 1547.
784 3406 934 3480 Munere
958 3408 1024 3482 fuit
1052 3413 1239 3493 Hebraeae
1262 3422 1321 3494 liu·

116 3522 208 3614 guae
238 3496 413 3571 Proleffor
446 3495 594 3585 Parisiis,
619 3521 639 3569 a
666 3499 851 3575 Francisco
875 3505 902 3578 1.
929 3503 1163 3601 constitutus,
1191 3531 1228 3588 et
1252 3538 1321 3588 earn

113 3605 269 3693 ltnguam
291 3592 438 3688 ingente
463 3592 621 3680 adplausu
646 3593 785 3683 docuit,
810 3597 861 3669 ita
882 3615 920 3672 ut
941 3597 1025 3694 ipsas
1052 3601 1230 3684 Hebraeis
1252 3610 1316 3685 fue·

114 3698 162 3773 rit
186 3687 417 3766 admirationi.
469 3686 574 3758 Nihil
599 3689 743 3782 quidem
764 3690 855 3786 ipse.
886 3693 1014 3767 litteris
1040 3702 1245 3794 mandavit,
1266 3702 1314 3778 sed

114 3810 221 3870 notae
244 3782 282 3857 in
307 3782 410 3856 Vetas
440 3778 600 3875 Testam,
625 3786 668 3855 ab
690 3784 900 3860 auditoribus
921 3812 1114 3883 exceptae,
1138 3796 1253 3874 lucem
1273 3797 1319 3875 vi·

113 3891 242 3968 derunt
260 3899 343 3954 cura
367 3878 414 3952 R.
440 3875 631 3972 Stephani,
665 3880 724 3987 qui
752 3905 809 3953 eas
833 3880 956 3958 Bibliis
982 3886 1171 3979 Tigurinis
1196 3895 1321 3971 Leunit

110 3981 220 4090 judae
243 3974 387 4060 addidit.
432 3971 559 4056 Duces
576 3972 698 4101 babuit
720 3976 923 4075 Rabbinot,
946 3998 987 4058 et
1005 3984 1198 4071 litteralem
1222 4013 1325 4160 maza.

20 4180 238 4456 ‘X
