3022 4806
220 660 289 738 rs'a
598 635 745 735 Historia
768 626 1037 735 Eccirssi'lrrili.

146 887 150 896 .
216 815 389 896 sutoribus
413 831 452 889 et
474 811 617 888 titulum
642 831 680 884 et
701 811 909 909 potestatem
942 816 982 888 in
1010 808 1158 889 eratoris
1191 806 1434 900 invidebant,

219 926 325 1014 quare
351 912 450 1006 Papis
474 910 551 983 sunt
574 909 722 996 adulati,
758 929 797 982 ut
828 933 891 983 eos
921 933 941 985 a
1008 908 1158 983 ermanis
1178 905 1439 994 abstranerent,

220 1029 258 1085 et
282 1007 345 1082 srbi
369 1008 610 1091 devincirent3
644 1002 730 1076 ficut
754 1006 901 1078 Manuei
930 1005 1020 1078 fecit
1043 1002 1244 1077 Alexandro
1267 1002 1357 1091 iii.‚
1397 1018 1439 1073 ut

222 1128 303 1179 eum
326 1101 361 1175 in
396 1101 617 1173 Fredericum
644 1099 672 1170 Ι.
705 1099 891 1191 incitaret,
929 1098 1016 1174 teste
1046 1100 1181 1172 Niceta
1210 1095 1388 1171 cnoniate
1411 1096 1438 1168 ir

222 1201 312 1276 Vll.
366 1199 470 1270 Unde
495 1194 626 1268 lac‘tum
650 1191 719 1282 est,
746 1215 785 1268 ur
807 1196 868 1268 sub
891 1195 960 1269 iilis
983 1192 1240 1288 inperatoribus
1264 1191 1349 1264 unio
1367 1191 1437 1264 Ec⁸

217 1293 399 1372 etesiarum
423 1289 530 1363 fuerit
579 1310 616 1359 er
637 1289 832 1385 legationes
851 1310 890 1363 ct
911 1288 1081 1385 colloquia
1105 1307 1256 1376 tentata,
1280 1289 1340 1361 ied
1358 1285 1440 1359 irri-

157 1403 162 1412 '
222 1387 422 1482 tosemper
446 1312 609 1458 lucceia.
665 1408 696 1457 1.
724 1383 850 1457 Milius
877 1384 947 1474 est,
971 1386 1099 1480 Aleria
1123 1385 1305 1456 Comneno
1329 1383 1437 1477 inpea

221 1496 341 1571 rante,
366 1504 386 1554 a
409 1481 562 1552 Paschali
585 1479 969 1577 li.,·Arehiepiscopus
993 1475 1282 1566 Mediolanenfis,
1308 1478 1440 1561 Groso·

219 1581 336 1663 lanus,
376 1575 456 1648 alias
480 1576 704 1663 Procuianus,
743 1573 785 1646 ad
812 1576 965 1648 Graecos
997 1577 1034 1648 in
1056 1575 1230 1669 gremium
1261 1572 1439 1648 Ecciefiae

219 1671 368 1746 Latinae
392 1671 625 1743 reducendos:
675 1669 731 1757 ui,
755 1669 883 1741 CPoiin
911 1667 1083 1765 adpulsus,
1138 1670 1286 1741 ublicam
1309 1669 1438 1743 habuit

219 1788 340 1842 coram
377 1767 580 1860 inperatore
612 1692 882 1859 diiputationem
914 1766 958 1837 de
983 1693 1230 1859 Procesliirnr-ri
1250 1765 1350 1837 iritar
1372 1765 1437 1851 S.·,

208 1885 325 1962 ¹quam
347 1857 503 1932 recenset
526 1861 651 1929 Baron.
678 1879 707 1931 a.
738 1863 841 1931 1116.
893 1858 961 1931 Sed
994 1858 1025 1932 ei
1060 1861 1129 1932 sele
1151 1856 1205 1931 Eu
1254 1858 1343 1932 atius
1365 1857 1440 1935 Ni·

221 1979 372 2045 cacum,
397 1953 566 2028 Nicolaus
582 1952 844 2042 Methonensrs,
871 1952 1159 2043 Nicerasnaus,
1178 1953 1440 2124 aliiquplhgpp*

222 2075 301 2129 rum
326 2052 361 2123 su
388 2071 425 2123 ra
445 2045 612 2136 memini,
637 2045 779 2122 fortiter
796 2051 1050 2143 opposuerunt:
1075 2051 1164 2122 aleo
1191 2067 1230 2121 ut
1252 2047 1289 2122 ni

218 2147 267 2223 iit
290 2073 466 2221 effeiium.
516 2166 547 2218 2.
572 2144 642 2218 Sub
665 2142 824 2241 Johanne
844 2145 1022 2218 Comneno
1039 2143 1169 2217 CPuiin
1187 2142 1240 2216 abi
1288 2163 1366 2218 atus
1387 2143 1442 2216 est

219 2269 242 2320 a
275 2240 446 2316 Lothario
473 2240 518 2312 ii.
544 2241 750 2335 inperatore
784 2239 981 2326 Atticinus,
1014 2239 1262 2335 iiavelburgen
1291 2262 1307 2312 s
1338 2235 1444 2336 Epis>

221 2358 357 2432 copus,
382 2334 460 2428 qui,
493 2332 576 2406 iicet
599 2333 808 2425 iaperatoris
829 2333 1004 2430 legatione
1028 2333 1250 2427 fungeretur,
1282 2357 1301 2406 a
1325 2334 1444 2409 Grae·-

212 2430 274 2514 ,cis
308 2444 547 2525 provocatus,
584 2447 664 2497 cum
696 2425 740 2497 iis
775 2427 907 2501 celebri
950 2430 987 2501 in
1018 2445 1197 2501 conventu
1232 2425 1288 2502 dil
1328 2415 1440 2505 tavit.

222 2524 320 2623 Quas
341 2519 549 2595 collationes
571 2516 644 2615 ipse
672 2521 854 2595 Anseimus
871 2523 979 2597 tribus
1009 2522 1223 2619 dialogorum
1247 2522 1271 2596 ii
1296 2523 1345 2599 ris
1371 2535 1443 2621 pu²

221 2615 389 2702 uticanis,
430 2635 575 2710 quorum
616 2615 686 2686 duo
728 2614 937 2710 posteriores
968 2618 1152 2691 continent
1183 2617 1443 2712 disputationes

223 2732 350 2790 contra
378 2711 552 2796 Graecos,
576 2708 620 2782 de
643 2709 860 2806 proceffione
884 2713 1034 2807 Spiritus
1056 2714 1110 2802 8.,
1145 2714 1190 2787 de
1214 2736 1365 2810 azymo,
1396 2735 1438 2790 et

222 2807 412 2888 autoritate
448 2802 619 2876 Ecclesiae
655 2805 859 2893 Romanae,
905 2810 941 2881 in
984 2806 1174 2917 spicilegio
1212 2809 1441 2886 Dacheriano

224 2925 313 2981 tom.
339 2904 367 2974 i.
420 2901 501 2999 Nec
522 2895 601 2986 hic,
627 2899 770 2973 testibus
799 2898 878 2996 ipiis
896 2903 1057 2998 dialogis,
1086 2902 1212 2998 aliquid
1231 2904 1438 3000 praestitum

223 2999 287 3075 est.
339 2996 506 3090 Denique
533 3018 564 3088 3.
593 2995 651 3067 sub
675 2996 857 3070 Hadriano
880 2999 946 3071 IV.
972 3018 1007 3070 et
1032 2998 1231 3073 Alexandro
1256 3001 1321 3072 iii.
1344 3004 1439 3074 Pon.

221 3092 397 3178 illicibus,
437 3111 517 3163 cum
553 3091 732 3185 lnperator
770 3088 852 3164 eiiet
892 3095 1034 3166 Manuei
1067 3099 1289 3184 comnenus,
1330 3094 1441 3172 milita

222 3186 385 3282 utrinque
411 3183 553 3280 legatis,
575 3204 611 3256 et
628 3207 647 3258 a
663 3186 829 3257 Manuele
846 3188 888 3258 ad
905 3187 1090 3262 concinam
1107 3190 1334 3264 Lateranense
1350 3193 1442 3285 iii),

224 3301 264 3358 ct
287 3285 330 3356 ab
354 3279 554 3352 Alexandro
578 3280 713 3353 CPoiin.
765 3280 896 3352 indidit
922 3304 1061 3375 quoque
1083 3284 1133 3356 est
1158 3286 1315 3381 Synodus
1338 3287 1440 3372 CPo·

222 3378 351 3466 litana,
392 3375 426 3449 in
452 3396 515 3470 qua
539 3374 584 3446 de
608 3395 694 3469 pace
715 3397 797 3447 cum
829 3373 961 3448 Latinis
987 3379 1124 3452 :sanari
1156 3379 1267 3453 voluit
1290 3383 1439 3478 inpera-

224 3492 304 3562 tor,
338 3470 396 3545 sed
420 3469 521 3543 irrito
540 3492 611 3543 non
630 3488 784 3560 tantum,
815 3492 934 3544 verum
952 3476 1151 3560 contrario,
1177 3472 1316 3551 efferta.
1365 3480 1442 3554 De·

220 3586 358 3644 cretum
390 3564 484 3638 enim
516 3586 535 3636 a
568 3564 708 3638 Graecis
734 3564 813 3652 est,
854 3567 1098 3642 consentiente
1135 3571 1358 3665 Inperatore,
1402 3593 1440 3650 ut

224 3664 321 3738 totali
336 3659 543 3757 separatione
568 3662 692 3751 Papam
721 3661 965 3756 abscinderent,
997 3680 1029 3736 et
1052 3683 1197 3761 qatatqrmt
1232 3667 1282 3737 iiii
1314 3669 1437 3755 adhae-

219 3774 343 3836 retent.
395 3753 479 3828 Vid.
503 3751 578 3847 ipse
598 3756 673 3826 Leo
691 3757 831 3828 Alanus
847 3757 869 3828 i.
898 3758 944 3830 11.
969 3779 999 3830 c.
1028 3782 1105 3849 12.‚
1129 3784 1172 3835 ex
1196 3761 1335 3858 dialogo
1357 3764 1437 3840 An·

199 3851 346 3941 'chiaii,
384 3867 420 3920 et
447 3847 605 3920 Macaria
627 3848 835 3944 Ancyrano,
867 3854 924 3933 uui
953 3851 1164 3930 Graecorum
1189 3859 1321 3932 caulam
1356 3858 1440 3938 sunt

219 3950 319 4028 ¹tuiti.
372 3946 533 4017 Ceterum
560 3961 720 4027 notetur,
760 3947 908 4038 Legatos
932 3945 1043 4040 Papae
1076 3952 1136 4025 hic
1171 3954 1440 4049 praecipue-ur·

224 4046 319 4139 srlie,
344 4059 383 4117 ut
406 4041 513 4138 Papae
530 4036 808 4114 concederentur
829 4039 865 4113 iai
887 4060 1038 4140 aguaria,
1063 4043 1122 4121 seu
1145 4048 1315 4130 Primarus
1333 4051 1437 4149 jura,

1399 4166 1448 4226 ii!
