3022 4806
133 655 184 746 56
521 636 667 735 ffilirrt'a
689 638 817 742 Eccles.
842 636 958 742 Christ.

137 825 207 912 cis,
242 822 306 895 IV.
333 836 370 892 et
383 820 491 908 vro,
525 816 625 890 Patre
647 837 685 893 et
708 816 817 908 Filio,
853 817 1085 895 concertatio.
1133 816 1226 918 Erga
1249 813 1352 893 Heu·

133 920 313 996 ricuml't'
344 915 412 989 ses.-
429 912 679 1008 indignillime,
705 934 740 985 et
757 913 1016 1006 inhumaniter,
1033 916 1146 1012 geffit.
1191 914 1355 989 Concilio

136 1017 289 1116 generali
306 1013 425 1085 trabito
445 1013 579 1083 Romae
601 1032 632 1083 a.
654 1030 781 1097 1-102.,
806 1013 847 1085 ad
871 1011 1002 1085 causam
1025 1013 1177 1086 lienrici
1194 1028 1354 1107 pertrac-

133 1113 294 1197 tandam,
326 1131 408 1180 cum
433 1108 510 1178 Rex
534 1125 654 1179 contra
679 1106 878 1200 promissum
903 1129 975 1180 non
1001 1125 1251 1207 compareret,
1282 1126 1351 1179 no·

136 1233 221 1283 vum
247 1207 388 1297 insuper
415 1204 538 1296 Papam
562 1220 683 1273 contra
707 1203 902 1276 Pascnalern
938 1224 1122 1279 conaretur
1150 1203 1352 1278 introduce·

138 1328 194 1388 re,
225 1300 435 1373 sententiam
462 1297 833 1370 excommunicationis
854 1299 927 1394 ejus
942 1298 1191 1388 confirmavit.
1215 1299 1273 1372 vel
1296 1316 1353 1368 ra·

138 1399 296 1473 novavit.
349 1393 511 1466 Relatum
537 1389 678 1487 insuper
699 1392 736 1466 in
759 1413 803 1463 eo
826 1395 978 1467 concilio
1001 1394 1050 1465 est
1072 1394 1215 1468 schisma
1247 1393 1355 1466 Heu·

138 1494 311 1566 ticianum
336 1488 429 1560 inter
453 1491 656 1581 praecipuas
681 1485 855 1578 haeresen,
880 1508 918 1560 et
942 1488 1144 1564 Catholicae
1165 1488 1250 1562 fidei
1266 1509 1353 1584 pro·

138 1586 261 1675 seffio,
288 1591 332 1657 de
351 1584 416 1655 sedi
437 1580 661 1679 Apostolicae
676 1586 719 1655 ab
737 1585 897 1658 omnibus
912 1583 1112 1679 praestanda
1128 1583 1354 1674 obedientia,

134 1684 225 1756 edita
250 1680 300 1753 est
324 1682 360 1754 in
384 1680 478 1749 hunc
503 1697 681 1749 tenorem:
708 1681 951 1753 anatlrernarizo
976 1702 1097 1754 omnent
1119 1675 1287 1771 liuerestrr,
1317 1695 1353 1752 et

135 1783 311 1874 praecipue
347 1798 446 1853 earn,
487 1796 568 1864 quae
601 1770 780 1870 proesentis
811 1772 975 1865 Ecclestue
1006 1776 1126 1864 floram
1156 1778 1353 1868 perturber,

137 1878 322 1970 praedocet
343 1888 374 1940 et
392 1865 551 1961 adstruit,
576 1871 747 1940 anatliema
762 1881 1037 1959 contemnendane,
1066 1888 1099 1943 et
1117 1867 1296 1962 Ecclesiae<
1311 1872 1354 1943 li·

137 1985 294 2066 gementu
311 1967 493 2061 spernenda
518 1960 588 2057 effe.
637 1965 793 2036 Promitte
816 1982 924 2038 autem
950 1969 1160 2040 obedientiam
1192 1963 1356 2060 Apostoli·-

138 2089 196 2140 cue
211 2064 301 2160 sedis
326 2059 478 2154 Pontifici
502 2057 640 2132 Domino
663 2056 838 2156 Puscsralr',
864 2066 992 2158 ejusque
1005 2061 1264 2156 suecffrt'bar,
1280 2059 1352 2158 sai

138 2158 316 2254 testimonio
342 2152 458 2248 Cirrilli
481 2171 514 2227 et
540 2153 705 2248 Eccseſsoe
735 2156 912 2251 adfirmans
944 2161 1024 2254 quod
1053 2159 1229 2253 adfirmat,
1260 2158 1356 2233 darn·

135 2280 221 2332 aaut
244 2256 321 2350 quod
345 2255 497 2335 damnat,
523 2250 558 2323 S.
584 2268 616 2326 et
633 2251 825 2345 universalis
848 2251 1016 2345 Ecclefiu.⁴
1062 2252 1357 2352 Ad·quam.fidei

166 2351 405 2430 miclitonem,
426 2347 622 2438 juramento
647 2343 862 2436 faciendam,
888 2348 1042 2424 aurificii
1069 2350 1208 2423 suerunt
1224 2368 1353 2426 omnes

135 2376 327 2538 Episcopi,
362 2435 648 2534 Archiepiscopi‚
682 2457 719 2511 et
741 2463 827 2536 quos
859 2443 964 2517 vellet
998 2446 1101 2540 Papa.
1150 2444 1242 2520 Vid.
1273 2446 1354 2520 Ab·

137 2543 199 2614 bas
223 2529 484 2630 Urspergensrs,
510 2530 735 2605 Dodeclrinus
755 2537 789 2624 in
812 2537 1007 2635 adpendice
1031 2542 1072 2615 ad
1098 2538 1250 2614 Mariani
1265 2540 1354 2614 Sco·

141 2637 170 2709 ti
198 2630 412 2737 chronicon.
437 2646 466 2698 a.
497 2648 624 2735 ¹⁰99*
648 2646 684 2703 et
701 2631 862 2707 Paschatis
886 2633 1030 2730 epistula
1046 2634 1088 2710 ad
1104 2634 1354 2732 Archiepisco·

168 2752 225 2801 um
261 2722 524 2810 coloniensem,
564 2744 601 2794 in
636 2747 703 2820 qua
735 2729 839 2800 etiam
871 2730 1080 2818 formulam,
1122 2752 1142 2802 a
1174 2732 1353 2826 Gregorio

139 2755 232 2898 Risi.
258 2817 526 2921 praescriptam,
546 2819 723 2909 vindicat,
747 2820 867 2920 inqua
891 2827 1035 2900 clausula
1050 2827 1095 2899 de
1116 2832 1354 2921 procurationi·

141 2927 199 2996 lus
227 2924 425 3015 Legnrnrurrr
448 2912 557 3006 Papae
581 2915 777 3012 reperitur,
805 2941 871 3016 qua
897 2919 1059 3018 Episcopi
1083 2941 1118 2993 et
1149 2921 1354 3020 Archiepis·

140 3012 255 3108 copi,
300 3013 333 3084 se
364 3007 492 3081 sumtus
524 3010 736 3106 Legatorum
771 3015 900 3096 laturos
940 3017 1040 3106 esse,
1105 3017 1348 3096 remittebant.

139 3112 222 3206 Qua
252 3101 586 3211 occasionenLegati
612 3106 712 3202 saepe
747 3106 934 3206 spoliarunt
965 3043 1154 3200 Ecclesiam
1189 3131 1227 3186 et
1261 3116 1354 3193 buna

139 3207 373 3287 corraserunt‚
402 3198 487 3271 Vrd.
512 3201 667 3274 Baiuzius
681 3204 718 3273 in
737 3203 902 3298 supplem.
924 3206 969 3279 tib
1000 3209 1049 3282 V.
1075 3207 1172 3281 Petri
1190 3207 1236 3280 de
1252 3211 1351 3286 Mar·

140 3324 181 3373 ca
205 3302 248 3371 de
264 3298 431 3374 eorrrrrdia
441 3291 620 3388 sacerdotii
638 3315 674 3366 et
692 3302 807 3388 inperii
824 3321 900 3393 cap.
918 3309 977 3390 48.
1001 3303 1070 3375 Sed
1087 3304 1268 3400 Hungaris
1281 3305 1353 3383 dis.

140 3397 268 3493 plicuit
283 3395 390 3465 modo
410 3409 640 3461 memoratum
657 3390 906 3486 juramentum,
929 3416 1089 3494 tanquam
1107 3397 1235 3473 curuli
1249 3421 1352 3496 prae.

139 3513 246 3585 cepto
269 3490 313 3561 de
330 3509 399 3559 non
412 3485 581 3578 jurando,
608 3485 712 3558 etiam
728 3491 917 3565 canonibus
932 3491 1123 3584 Ecclesiae,
1149 3494 1353 3591 adversbmt

136 3591 181 3659 ad
224 3585 290 3656 uod
310 3580 499 3680 posterius,
524 3581 616 3676 quod
644 3584 753 3654 notari
776 3605 950 3673 meretur,
975 3588 1159 3684 respondet
1184 3592 1355 3671 Paschalit

138 3611 243 3776 epifi.
269 3680 401 3762 citata,
426 3674 514 3745 nulla
528 3678 664 3747 coneilio
680 3678 780 3772 legem
800 3679 1015 3774 praescribere
1041 3683 1209 3777 Ecclestne
1228 3686 1354 3768 Rornae

138 3803 222 3862 ene,
247 3795 325 3845 cum
343 3791 492 3869 peream
512 3769 617 3841 robur
634 3775 807 3868 accipiant
822 3777 990 3863 concilia,
1010 3779 1100 3854 etin
1118 3780 1351 3879 rerurrstatnt

137 3879 181 3951 tir
199 3873 348 3944 slurrrana
380 3868 538 3938 autoritas
567 3872 763 3959 excipietur.
815 3870 1012 3949 Henricum
1036 3877 1115 3949 dein
1144 3879 1193 3953 V.
1218 3880 1352 3976 ajuta-

139 3991 262 4047 mento
291 3962 485 4042 fidelitatis,
520 3959 614 4033 Patri
639 3962 753 4050 sasso,
786 3966 953 4055 absolvit,
988 3970 1168 4067 postquam
1206 3981 1349 4053 omneni

35 4098 79 4117 ν·
131 4070 215 4165 ejus
246 4059 397 4138 haeresin
424 4054 648 4154 abjurasset,
691 4076 729 4131 et
761 4058 988 4159 Apostoltcae
1026 4064 1101 4138 secli
1143 4070 1350 4245 promisrget

134 4233 140 4245 .
696 4230 701 4242 .
764 4190 768 4201 ·
1266 4187 1353 4244 oe·
