3022 4806
164 572 240 663 230⁴
559 524 709 659 Historia
729 561 860 667 Eccles·
885 562 1004 668 culfi:

171 745 321 823 clericis
355 768 397 824 ea
430 745 586 840 solvere,
619 746 691 823 stne
722 744 864 846 speciali
896 744 1061 845 permiss'u
1089 714 1228 843 Papae,
1262 741 1388 825 addita

173 846 543 920 excommunicatione
576 862 611 917 et
648 846 886 934 solventibus,
927 864 965 918 et
995 844 1233 943 exigentibus.
1279 838 1385 943 Quae

169 941 394 1031 constitutio,
419 943 620 1039 Philippum
647 942 683 1014 in
707 940 823 1037 specie
846 939 996 1029 feriens,
1021 964 1104 1015 eum
1127 937 1217 1012 adeo
1239 954 1383 1013 exacer-

170 1038 289 1128 bavit,
326 1059 364 1110 ut
389 1041 557 1133 pecunias
587 1053 685 1111 extra
708 1058 856 1131 regnum
893 1036 1047 1113 vetuerit
1078 1034 1221 1127 efferri,
1253 1051 1290 1107 et
1321 1056 1381 1111 ex·

169 1151 311 1208 traueos
348 1134 391 1206 ab
424 1134 517 1206 aditu
549 1135 650 1231 regni
682 1135 844 1207 arcuerit.
895 1135 987 1229 Papa
1018 1135 1057 1208 in
1087 1130 1197 1206 initio
1238 1129 1381 1228 quidem

168 1229 365 1303 acerbiores
388 1229 430 1300 ad
453 1230 593 1326 Regem
617 1229 710 1302 misit
734 1227 887 1318 litteras,
920 1230 979 1303 sed
1011 1227 1116 1319 dein,
1147 1226 1297 1299 aliorum
1326 1226 1379 1302 in·

167 1326 294 1398 duilus
315 1323 482 1414 consiliis,
509 1324 689 1399 mitiorem
722 1324 865 1398 indutus
888 1326 1063 1415 animum,
1089 1322 1298 1419 mitigavit,
1323 1345 1377 1397 re·

165 1418 284 1516 speetu
310 1418 411 1516 regni
437 1422 623 1510 Franciae,
657 1417 961 1510 constitutionem,
994 1418 1193 1496 voluntaria
1224 1419 1374 1513 permit·

164 1516 277 1587 tendo
300 1514 464 1606 donaria,
494 1518 580 1591 licet
604 1515 732 1614 petita,
756 1517 865 1589 modo
897 1517 968 1590 fine
995 1512 1200 1604 eoaiiione,
1235 1514 1377 1611 insuper

163 1610 392 1700 declarando,
431 1634 472 1686 ea
495 1635 616 1709 petere
644 1631 682 1684 et
706 1612 842 1685 solvere
869 1612 979 1686 licere
1012 1613 1050 1687 in
1082 1610 1162 1685 casu
1192 1610 1377 1687 neceffita-

162 1704 232 1795 tis,
266 1706 417 1805 srregni
441 1729 500 1782 aut
525 1709 614 1805 regis
637 1708 721 1780 salus
746 1708 882 1801 exigat,
917 1709 1025 1783 etiam
1049 1704 1252 1782 inconsulto
1284 1706 1375 1783 Pou-

160 1802 273 1878 tifice.
326 1807 415 1878 Cum
442 1805 507 1878 lrac
542 1807 676 1877 ratione
710 1803 842 1877 dillidr'a
871 1806 1077 1879 viderentur
1100 1806 1202 1877 brevi
1227 1823 1374 1898 compo·

160 1900 298 1990 nenda,
340 1921 456 1972 novae
494 1896 712 1973 adcesserunt
749 1899 889 1989 causae,
931 1923 1020 1997 quae
1058 1899 1135 1996 igni
1167 1897 1371 1975 infuderunt

158 1996 289 2069 oleum.
341 1995 423 2068 Rex
449 1993 565 2069 denuo
589 1995 741 2069 irritatus
763 1994 834 2085 est,
867 1998 960 2092 quod
996 1997 1107 2092 Papa,
1138 1994 1295 2089 arbiter,
1326 2016 1372 2071 ex

156 2089 428 2190 compromisso,
447 2089 559 2168 faetus
586 2090 843 2167 controversiae
863 2093 956 2165 inter
971 2089 1193 2180 Eduatdum,
1217 2092 1369 2191 Angliae

153 2187 320 2286 Regem,
345 2190 444 2285 cnjus
460 2189 532 2264 filio
556 2190 660 2265 filiam
678 2187 926 2284 desponderat,
953 2185 1148 2261 inconsulto
1173 2187 1369 2286 Philippo,

155 2284 278 2357 Guido
304 2285 486 2373 Flandrus,
513 2304 549 2356 et
574 2284 796 2376 Philippum,
829 2284 888 2380 qui
912 2283 1037 2373 filiam,
1076 2303 1243 2378 tanquam
1279 2283 1370 2361 obst·

153 2377 258 2465 dem,
283 2379 322 2451 in
347 2377 405 2449 sua
428 2378 609 2452 detinebat
634 2377 833 2473 potestate,
875 2382 1063 2454 secundum
1094 2379 1301 2456 usuardum
1333 2398 1370 2455 et

151 2471 356 2545 Gnidonem
381 2472 687 2566 pronunciaverat,
711 2474 829 2562 licet,·
851 2475 886 2548 se
910 2499 980 2549 non
1004 2477 1068 2550 nist
1095 2474 1264 2550 consensu
1287 2473 1370 2551 Phi·

148 2568 238 2662 lippi
261 2566 472 2638 sententiam
498 2566 693 2656 littorum,
728 2570 760 2642 ei
787 2571 1006 2664 promisisset.
1054 2575 1167 2666 Papae
1190 2592 1283 2645 vero
1311 2571 1369 2647 bi·

148 2663 221 2737 lem
247 2661 383 2751 movit,
418 2661 509 2758 quod
529 2665 611 2736 Rex
628 2665 905 2760 patrocinaretur
921 2664 1225 2742 Columnensrbus:
1259 2688 1369 2765 expe·

149 2757 302 2835 ditiones
327 2759 516 2848 cruciatae,
540 2782 560 2834 a
584 2761 673 2855 Papa
696 2758 861 2850 indiilas,
888 2763 998 2837 nollet
1022 2784 1257 2860 promovere,
1281 2765 1364 2861 quia

150 2858 243 2934 bello
267 2856 451 2932 Flandrico
477 2876 552 2930 erat
577 2853 780 2946 distradius‚
814 2857 968 2953 denique
997 2858 1171 2948 decimas,
1204 2856 1361 2951 bellihsass

149 2955 204 3028 cri
230 2955 329 3029 causa
356 2951 535 3045 collettas,
568 2955 706 3029 tradere
739 2950 935 3046 recusaret,
968 2978 1037 3029 nec
1071 2952 1152 3030 alias
1182 2955 1220 3030 in
1249 2974 1364 3052 regno

145 3049 242 3142 exigi
269 3048 502 3143 permitteret.
1307 3079 1312 3085 ·

120 3228 123 3234 ,
196 3144 228 3242 §.
253 3143 452 3218 CXCVIII.
485 3143 610 3242 Erupit
645 3169 731 3219 vero
755 3148 895 3222 flamma
927 3172 957 3223 a.
989 3170 1117 3242 1300„
1158 3148 1367 3248 cum'Papa

58 3300 59 3305 ,
145 3240 391 3328 Bernardum,
432 3240 681 3335 Apamiensem
717 3242 954 3341 Episcopum,
998 3245 1089 3317 misit
1123 3245 1282 3342 legatum
1308 3244 1367 3323 ad

133 3339 303 3433 Regem,
330 3337 389 3435 qui
413 3339 556 3411 eumad
585 3337 845 3431 expeditionem
875 3340 1070 3428 excitaret,
1096 3339 1363 3418 decimasvero

9 3476 32 3495 «
90 3527 92 3531 ¹
143 3435 214 3508 alio
247 3451 477 3523 convertere,
518 3433 747 3508 Ecclefiarum
782 3437 984 3511 vacantium
1015 3434 1148 3509 fruitus
1178 3436 1367 3531 retinere,

143 3550 339 3624 eorumque
371 3528 510 3618 titulos,
555 3528 627 3603 fine
657 3533 825 3608 consensu
856 3536 988 3630 Papae,
1030 3533 1224 3625 conferre,
1291 3535 1366 3611 uod

69 3690 71 3695 ,
143 3626 226 3702 Rex
244 3621 365 3698 fecilie
379 3624 580 3717 dicebatur,
607 3644 755 3702 vetaret.
803 3630 1015 3705 Mandatum
1032 3628 1219 3703 insolenter
1237 3558 1365 3707 simo·

142 3722 226 3796 dum
254 3740 291 3794 et
314 3721 461 3814 superbe
485 3741 654 3795 executus
676 3723 728 3797 est
751 3726 963 3817 Bernardus,
1000 3750 1101 3813 cum,
1125 3726 1220 3822 quod
1244 3728 1364 3805 minas

141 3814 519 3895 excommunicationis
552 3834 589 3889 et
621 3818 935 3911 exaudiorationis,
982 3822 1042 3896 nisr
1075 3845 1139 3896 rex
1172 3823 1362 3916 obediret,

137 3913 333 4014 adjecerit,
358 3931 454 3998 tum,
485 3909 614 3986 suarna
633 3917 1043 4010 regeindependentiam
1069 3917 1278 4013 jailaverit,
1304 3919 1361 3995 se·

131 4012 233 4115 seque
264 4011 327 4089 soli
354 4009 486 4105 Papae,
522 4012 560 4086 in
587 4006 857 4107 Temporalibus
882 4036 992 4113 acque
1017 4037 1059 4090 ac
1089 4013 1363 4188 spiritualibeuffe,
