3022 4806
129 629 199 704 192
507 595 656 700 eustorio
676 595 805 698 Eccles.
829 595 942 700 meist
1057 614 1063 623 '

131 802 244 862 tntum
268 777 441 879 synodale
466 778 525 853 sub
542 777 698 876 Johanne
714 776 759 852 de
776 776 929 869 zurich,
953 771 1136 874 Episcopo
1163 777 1347 878 Ultnajec·

132 885 211 956 tino
241 899 427 968 a.1291.,
457 881 549 972 apud
581 871 797 949 Heussenum
819 873 858 950 iu
882 874 1028 948 uuum
1043 870 1152 967 suere
1185 898 1224 973 p.
1247 878 1278 952 1.
1309 899 1350 974 p.

135 998 238 1069 145„
262 979 355 1072 quod
381 970 429 1046 ita
453 970 583 1060 habet,
597 973 802 1065 statuimus,
824 971 906 1067 quot
927 984 1025 1063 caput
1046 982 1097 1042 ter
1119 973 1154 1042 in
1177 994 1266 1065 aqua
1288 990 1350 1066 pu·

131 1092 253 1159 untur,
285 1065 345 1160 nist
357 1065 470 1162 fuerit
494 1067 631 1149 debilis,
663 1082 722 1138 aut
747 1068 782 1138 in
824 1089 916 1157 etus,
946 1061 1178 1160 aelfeigiduen
1200 1083 1350 1164 tempus,

132 1186 210 1243 tunc
233 1188 317 1258 aqua
338 1180 396 1254 per
418 1186 534 1235 ananus
549 1159 732 1258 sacerdotis
772 1181 849 1255 uper
871 1178 969 1256 caput
996 1165 1091 1254 pueri
1106 1159 1349 1257 profundatur,

131 1289 171 1337 ne
190 1279 318 1357 propter
331 1255 601 1354 submersionem,
625 1259 678 1330 vel
689 1255 936 1352 frigiditatem,
949 1259 1013 1352 seu
1029 1258 1352 1353 debilitatem,puer

1 1420 2 1426 ,
130 1362 380 1453 exstinguatur,
403 1372 436 1427 et
453 1357 620 1429 moriatur.
671 1351 880 1427 caelestinus
898 1353 946 1428 V.
972 1352 1061 1446 Papa
1076 1352 1218 1450 opuscul.
1239 1357 1347 1434 Vtut.

130 1479 168 1552 p.
195 1453 224 1526 1.
248 1453 286 1523 de
311 1450 478 1543 Baptisiuo
503 1470 535 1523 c.
559 1456 595 1523 6.
619 1447 721 1538 dicit,
763 1447 953 1544 Hugonem
977 1445 1155 1545 adserere,
1187 1447 1225 1543 st
1248 1465 1349 1547 ceput

129 1570 188 1646 per
207 1551 366 1634 undatur,
391 1545 444 1617 uei
463 1562 594 1638 praeter
618 1559 715 1637 caput
738 1547 843 1637 major
853 1562 935 1636 pure
952 1545 1107 1636 corporis,
1132 1549 1348 1641 baptizatum

131 1669 149 1717 e
175 1666 212 1732 e,
243 1647 331 1716 alias
355 1661 436 1714 nun:
457 1643 540 1713 usius
563 1662 635 1714 uero
648 1642 775 1724 dicere,
800 1639 879 1731 quod
901 1640 934 1709 in
956 1660 1137 1734 quacunque
1156 1658 1254 1735 purte
1278 1664 1352 1737 cm,

129 1742 220 1834 puris
244 1739 342 1810 cadat
368 1757 473 1829 aqua,
498 1738 706 1828 baptizatum
728 1733 799 1829 effe.
848 1734 958 1807 Addit
981 1730 1077 1829 ipse,
1108 1735 1216 1835 potest
1236 1753 1349 1815 autem

134 1833 249 1930 infans
266 1833 381 1906 debilis
398 1855 438 1902 uc
454 1831 601 1925 infirmus
624 1829 775 1926 adspergi
792 1844 919 1902 tantuna
942 1852 1038 1924 uque.
1088 1828 1272 1921 Praeterea
1299 1834 1349 1911 sa.

131 1947 348 2008 crumentum
372 1927 624 2022 confirmationis
648 1929 717 1998 hoc
744 1925 883 1997 demum
912 1921 1030 1997 seculo
1055 1921 1147 2000 esta
1172 1926 1349 2026 baptismo

131 2026 308 2116 avulsum,
343 2042 381 2096 et
407 2023 450 2095 ad
474 2040 626 2096 aetatem
649 2021 799 2096 adultam
822 2018 983 2107 dilatum,
1026 2017 1115 2096 sicut
1135 2041 1174 2097 ct
1194 2022 1352 2103 infantes

132 2121 302 2221 baptizati
325 2115 497 2192 desierunt
530 2116 573 2192 ad
597 2111 835 2192 eucharistiam
870 2112 1031 2203 admitti,
1070 2115 1153 2212 quia
1185 2118 1248 2195 sub
1279 2141 1349 2197 una

158 2217 232 2293 anis
266 2215 383 2312 specie
414 2210 533 2309 coepit
562 2209 804 2289 administrari.
853 2208 939 2286 Vid.
966 2211 1133 2286 Martene
1164 2212 1210 2288 de
1237 2214 1349 2295 anti.

131 2244 268 2389 ilccles.
300 2310 360 2385 rit.
392 2307 414 2382 l.
444 2308 473 2379 1.
508 2332 542 2402 p.
573 2310 601 2380 Ι.
640 2331 672 2381 c.
707 2331 740 2379 a.
790 2304 858 2380 Sed
888 2305 1036 2379 Graecia
1066 2304 1106 2379 in
1135 2309 1197 2382 usu
1334 2328 1352 2389 c

133 2406 307 2497 utriusque
331 2405 537 2475 sacramenti
562 2400 786 2496 conjunstio,
812 2401 974 2498 baptismi
997 2418 1036 2474 ct
1053 2403 1349 2495 confirmationie,

131 2501 221 2578 Vid.
246 2500 324 2570 Leo
351 2496 496 2569 Aliatius
521 2495 565 2568 de
591 2494 742 2593 consensu
764 2515 832 2569 etc.
866 2497 888 2570 l.
916 2496 981 2571 111.
1007 2517 1038 2569 c.
1070 2503 1127 2576 18.
1176 2501 1349 2581 Ceterum

132 2598 384 2674 sacramentum
414 2590 690 2664 confirmationis
715 2615 784 2665 non
811 2587 879 2664 suit
897 2588 1096 2688 simpliciter
1113 2593 1350 2687 necessatium

134 2689 291 2766 habitum
317 2685 358 2759 ad
384 2686 536 2760 salutem.
587 2685 800 2760 Caelestinus
824 2686 872 2760 V.
906 2689 998 2782 Papa
1029 2686 1147 2781 opusc.
1176 2690 1283 2770 Vlsi.
1307 2719 1345 2793 p.

134 2790 183 2864 11.
209 2784 316 2873 dicit,
342 2784 394 2878 qui
410 2778 482 2873 stne
506 2782 743 2878 confirmatione
766 2783 907 2874 decedit,
938 2806 998 2854 nou
1018 2785 1123 2857 tutinus
1143 2786 1348 2882 Christianus

135 2888 293 2970 moritur,
319 2902 413 2974 quum
428 2874 464 2968 st
488 2876 564 2973 estet
587 2880 806 2976 confirmatus.
1248 2961 1252 2969 Ι

182 2981 214 3077 s.
241 2976 386 3050 CLXV.
423 2974 526 3072 Quod
545 2974 585 3048 ad
601 2974 828 3071 eucharistiam
843 2973 998 3063 adtinet,
1024 2974 1120 3068 cujus
1146 2973 1231 3052 ritus
1253 2978 1349 3076 fuse,

136 3095 279 3151 etcum
310 3069 519 3165 singulorum
546 3069 691 3166 mystica
717 3068 957 3165 expositione,
992 3072 1169 3146 enarravit
1195 3072 1351 3151 Guiber·

136 3192 192 3246 tus
219 3164 466 3252 Tornacensus,
498 3162 536 3240 in
561 3166 706 3239 traiiatu
734 3167 772 3237 de
795 3162 901 3259 ffciu
924 3162 1094 3261 Episcopi,
1120 3184 1152 3240 et
1179 3169 1350 3265 Ecclestee

135 3264 336 3349 cerimoniis,
362 3261 397 3333 in
421 3260 579 3336 Bitu-M.
601 3262 689 3334 Patr.
714 3277 798 3335 tom.
816 3260 956 3349 XXV„
983 3261 1040 3333 ubi
1058 3259 1162 3336 etiam
1182 3265 1228 3337 de
1256 3268 1351 3344 ordi·

136 3361 240 3442 nibus
274 3353 519 3429 Eccicfiasticis
549 3353 693 3430 disserit.
747 3379 779 3430 1.
806 3352 1098 3430 Consuetudinem
1131 3359 1250 3453 piures
1275 3387 1350 3440 uno

135 3459 196 3533 die
221 3451 413 3529 celebrandi
439 3451 570 3539 missas,
598 3473 684 3546 quae
707 3474 768 3548 per
794 3452 901 3524 multa
922 3450 1034 3525 secula
1060 3453 1237 3545 obtinuit,
1265 3459 1350 3551 abog

135 3555 224 3631 levit
250 3548 422 3637 Ecclesia,
449 3549 607 3641 exceptis
625 3546 721 3622 festis
735 3546 960 3638 Natiuitatis,
985 3547 1179 3638 Paschatis,
1199 3570 1237 3624 et
1255 3576 1348 3628 mot·

137 3669 278 3724 tuorum
302 3643 470 3739 exequiis.
520 3643 603 3720 Vid.
630 3645 795 3718 Martene
817 3645 838 3715 l.
864 3644 927 3717 cit.
979 3643 1186 3719 Caelestinus
1207 3647 1258 3722 V.
1284 3649 1347 3724 Pa·

135 3769 181 3846 pa
206 3739 371 3836 opusculo
395 3739 496 3812 VIII.
521 3760 601 3835 cap.
630 3746 662 3819 8.
711 3739 852 3820 Nullus,
877 3739 1011 3834 inquit,
1034 3742 1126 3813 debet
1149 3756 1287 3818 cantare
1311 3749 1347 3822 in

136 3867 202 3918 uun
229 3839 279 3908 die
304 3839 385 3909 duas
413 3831 542 3927 missus,
580 3846 804 3928 praeterquam
837 3833 870 3903 in
900 3835 949 3906 die
974 3838 1163 3910 natiuitatis
1187 3837 1346 3935 Domini,

135 3944 210 4036 quin
233 3949 309 4005 tunc
332 3927 451 4024 puffiunt
478 3945 545 4001 tres
577 3930 743 4001 celebrari.
792 3925 900 4025 Potest
923 3935 994 4025 quis
1022 3951 1078 4026 pru
1100 3947 1149 4005 ter
1171 3933 1348 4033 neceffitu.

135 4028 467 4130 comperegrinorum,
487 4024 760 4120 utiinfirmuuum,
778 4026 830 4098 uel
837 4030 1033 4123 nuptiarum,
1042 3954 1151 4126 piires
1166 4020 1355 4112 celebrere.

1212 4124 1348 4203 Censet
