3022 4806
525 569 869 703 stru
906 629 909 632 «
944 652 963 681 ,.
1271 600 1380 671 9

174 748 272 844 lpoc.
295 747 358 826 XI.
392 747 452 823 lib.
480 749 548 824 VI.
576 764 745 842 percolunt
780 752 970 824 reool‘totir
1001 764 1032 821 rt
1064 753 1248 842 attritior,
1296 759 1379 849 quod

183 869 245 917 runc
272 845 484 942 adspicimus,
523 859 553 915 rt
576 849 691 938 ulique
716 871 852 940 regnora
883 849 1043 930 ridemur,
1080 851 1251 922 ambitione
1273 856 1375 925 nimia

168 947 271 1015 ¹trullo
293 946 500 1037 orrojlontr,
532 947 676 1013 ororitio
698 941 770 1023 fere
801 946 949 1038 uniuerso
973 941 1113 1037 repofito
1140 948 1227 1019 irtus
1255 950 1288 1037 io
1311 948 1373 1035 Ec·

178 1035 263 1128 orestis
279 1042 472 1130 devorante,
499 1041 573 1126 oli,
593 1042 665 1133 quio
683 1040 757 1109 licet
776 1043 899 1130 virere,
925 1044 999 1111 licet
1017 1041 1115 1112 orioro
1131 1047 1274 1137 ambire,
1300 1059 1372 1117 etc.

160 1131 259 1206 ‚Vitia
282 1152 317 1205 et
340 1133 489 1209 crimina
522 1137 652 1206 civium
671 1134 881 1230 Babyloniae
910 1133 959 1208 sui
979 1134 1175 1230 temporis,
1210 1146 1274 1232 per
1299 1160 1374 1227 orn·

169 1250 218 1301 nco
248 1229 384 1303 ordines
408 1227 612 1326 grallantia,
652 1230 823 1326 graphice
852 1229 956 1303 etiam
991 1229 1158 1326 depinxit
1194 1233 1372 1315 Honorius

166 1324 354 1420 Augustod.-
377 1327 423 1398 de
454 1325 652 1420 Proedestin.
685 1347 721 1396 ct
762 1329 861 1398 libero
893 1329 1028 1400 arbitrio
1064 1326 1099 1398 in
1138 1326 1221 1402 fine.
1282 1330 1390 1407 Vidn

105 1496 107 1505 ,
164 1421 257 1494 etiarn
284 1420 421 1510 potho,
455 1422 636 1517 Presbyter
662 1421 880 1509 Prumienss's,
912 1419 1067 1516 defleto
1090 1422 1198 1497 domus
1221 1424 1306 1514 Dei,
1331 1425 1369 1501 iu

162 1516 238 1593 Brbl.
265 1519 321 1590 M.
347 1518 487 1589 Parrum
513 1521 583 1591 vol.
610 1518 707 1590 XXI.
739 1517 799 1590 lib.
825 1519 875 1607 l.,
916 1538 953 1589 et
979 1520 1039 1590 lib.
1064 1520 1149 1607 lll.,
1184 1520 1366 1617 utrobique

160 1615 241 1687 haud
268 1613 392 1708 procul
416 1615 456 1685 ab
481 1612 607 1700 initio,
649 1612 704 1684 obi
730 1612 869 1684 totalem
903 1611 1077 1685 Ecclesiae
1103 1615 1366 1711 corruptionem

149 1712 270 1801 ,acerbe
296 1709 473 1804 deplorat:
518 1708 602 1780 licut
634 1727 670 1780 et
695 1709 873 1780 avaritiam
910 1707 1023 1779 curiae
1047 1708 1231 1785 Romanae¹
1252 1714 1369 1787 Abbas

159 1802 412 1903 Ursperg'enfis,
453 1802 497 1874 de
524 1801 648 1900 diffinio
678 1803 819 1899 Philippi
850 1821 880 1876 rr
906 1805 1039 1876 Otlronir
1063 1803 1150 1897 IV„
1179 1806 1248 1896 *ubi
1271 1807 1366 1895 inter
1424 1888 1431 1898 ,

156 1904 210 1978 alin
232 1901 341 1988 dicit,
374 1905 560 1972 cotarellos
583 1899 800 1993 thesaurorum
823 1908 855 1969 r'rr
879 1917 973 1971 terro
989 1902 1128 1994 operiri,
1163 1903 1263 1975 utin
1293 1925 1359 1977 co·

156 1999 230 2072 riam
257 1998 350 2072 illum
374 1996 507 2067 nummi
533 2017 657 2090 magna
682 1994 782 2090 copia
807 1995 999 2068 conlluant.
1049 1997 1110 2069 Hu
1137 1995 1214 2070 onis
1243 1994 1359 2071 Altili·

156 2092 323 2169 odorensrs
354 2091 460 2163 verba
498 2087 596 2183 supro
630 2091 740 2162 citavi
772 2090 809 2162 in
843 2090 1020 2184 Gregorio
1047 2018 1148 2164 vul
1200 2092 1277 2185 lpse
1306 2093 1365 2166 ln·

158 2190 334 2266 nocentius
357 2186 422 2259 111.
455 2185 498 2257 de
532 2183 766 2258 sacerdotibus
800 2184 954 2276 scripse,
996 2184 1071 2255 illos
1104 2189 1188 2257 nolle
1221 2210 1365 2264 uentrem

158 2286 353 2383 amplexari,
374 2284 428 2375 qni
452 2303 543 2353 mone
567 2285 721 2376 uirginem
746 2297 956 2366 rerrrrootor,
993 2283 1080 2350 notio
1098 2280 1210 2373 filium
1236 2287 1364 2356 orneris

157 2391 278 2479 agitare
301 2385 336 2453 in
361 2379 541 2465 cubilibus,
573 2402 625 2472 por
652 2399 743 2447 roone
761 2376 871 2472 filium
896 2375 1029 2469 uirginis
1054 2374 1193 2471 offerunt
1215 2381 1248 2449 r'o
1273 2381 1363 2454 olto·

155 2487 190 2553 ri.
235 2474 480 2551 Foeoiffimum
509 2473 582 2568 ejus
617 2475 814 2566 exemplum
855 2470 984 2582 prostnt
1026 2472 1118 2567 apucl
1161 2472 1360 2549 Henricum

154 2567 516 2669 Houtiugtonieusem
544 2567 638 2641 circa
663 2588 692 2640 a.
723 2574 829 2657 1158.
854 2590 889 2639 rn
914 2565 1073 2662 Johanne
1098 2566 1142 2639 de
1167 2569 1358 2661 Cremona,

151 2673 260 2768 legato
294 2664 497 2750 Pontificis,
538 2682 576 2735 et
599 2660 756 2736 Praesrde
788 2662 823 2735 in
849 2662 991 2760 Synodo
1017 2661 1250 2754 Londinensr‚
1291 2688 1359 2759 qua

151 2765 311 2862 conjugia
334 2760 551 2834 sacerdotum
575 2759 654 2834 suut
678 2758 857 2846 domnam,
890 2757 948 2852 qui
980 2759 1013 2829 in
1039 2759 1225 2852 complexu
1247 2781 1361 2834 mere·

153 2863 252 2936 iricio
274 2859 329 2933 est
354 2852 587 2953 deprehensus
613 2878 657 2925 eo
681 2853 757 2949 ipso
786 2875 964 2947 tempore,
991 2877 1062 2948 quo
1085 2852 1250 2947 conjugia
1272 2876 1357 2946 pro·

152 2957 297 3056 scripfit:
337 2955 437 3045 cujus
467 2969 582 3022 tamen
608 2948 773 3021 facinoris
800 2951 908 3023 nullos
942 2947 1026 3020 alios
1058 2949 1221 3021 meminit
1257 2949 1359 3044 hujus

152 3053 339 3151 temporis,
378 3045 590 3143 nequidem
626 3044 707 3117 Gul.
742 3041 1068 3117 blalmesboriensts.
1118 3043 1206 3117 Vid.
1230 3044 1355 3121 Boron.

150 3150 239 3225 Ano.
271 3173 303 3222 a.
334 3164 437 3232 1125.
490 3142 573 3215 Vid.
606 3141 710 3212 etiam
743 3141 944 3214 Matthaeus
984 3135 1268 3212 Westmonoster.
1312 3142 1357 3216 ad

150 3269 180 3320 a.
208 3267 311 3334 1115.
360 3239 522 3333 Denique
547 3237 595 3307 fre
626 3256 744 3308 nentes
769 3234 910 3308 fuerunt
930 3232 1001 3306 hoc
1025 3233 1139 3307 seculo
1157 3233 1355 3312 sanctorum

148 3362 186 3416 et
206 3337 448 3436 reliquiarum,
473 3333 577 3405 etiam
600 3261 780 3421 istarum,
807 3328 1093 3416 nundinationes,
1118 3329 1260 3423 pietatis
1275 3326 1355 3426 spe·

146 3436 221 3526 cie,
259 3435 317 3510 sed
340 3454 427 3504 vere
451 3430 540 3503 lucri
562 3424 679 3514 causa,
720 3428 905 3501 exercitae.
955 3424 1088 3525 Quibus
1121 3425 1190 3498 sese
1217 3424 1357 3502 strenue

147 3530 328 3629 opposuit,
367 3526 462 3600 iuter
485 3527 589 3611 alios,
615 3521 804 3596 Guibertus
828 3523 944 3597 Abbos
968 3518 1119 3593 inlibris
1142 3523 1356 3688 dePt‘pnorr‘·

144 3635 205 3705 bur
225 3631 427 3703 Sardorum.
477 3623 535 3696 De
551 3619 798 3692 monachorum
815 3620 1026 3692 Graecorum
1046 3615 1208 3704 avaritia,
1251 3623 1351 3714 plen·

145 3726 246 3815 dore,
278 3742 316 3799 et
340 3718 495 3807 luxuria,
531 3713 603 3791 vid.
628 3716 734 3788 etiam
767 3713 914 3788 Niceros
934 3710 1096 3786 Choniat.
1120 3712 1157 3784 in
1185 3715 1353 3788 Manoele

138 3821 323 3895 comneno
346 3820 369 3893 l.
397 3817 482 3890 Vll.
509 3837 541 3887 c.
567 3833 624 3906 3.,
650 3813 709 3883 obi
726 3809 833 3884 etiarn
860 3808 988 3896 refert,
1014 3809 1216 3882 Monuelem
1241 3813 1351 3884 vitam

144 3915 401 4002 Monosticam‚
428 3916 505 4008 jorn
531 3914 718 3996 norontem,
744 3910 820 4000 quin
847 3907 933 3978 ltorni
945 3904 1161 4006 prostratam,
1187 3927 1351 3979 conatum

137 4009 213 4167 :effe
232 4013 272 4088 ad
294 4007 476 4114 pristinum
497 4023 740 4174 paupertaterp
757 4024 943 4191 pevocare.
1206 4095 1239 4194 §-
1263 4090 1354 4172 cm·
