2976 4830
58 588 136 674 518
458 571 608 665 issanis
627 565 759 666 Eccles.
788 566 907 672 Christ.

67 756 142 831 tica
167 752 249 855 post
270 770 422 829 mortem
446 750 548 827 Huffi
576 751 756 828 suscitata:
783 769 934 851 quorum
963 743 1153 824 historiam
1172 749 1299 847 prolixe

67 856 246 928 enarravit
275 848 450 924 L’Enfan't
476 848 514 921 in
539 846 684 923 historia
707 848 784 923 belli
808 841 994 943 Hrffirici,
1020 861 1057 919 er
1080 850 1212 921 concilii
1238 849 1295 920 Bt·

68 947 225 1045 pileerfir.
275 949 426 1019 Fuerant
452 942 595 1039 quidem
619 949 663 1018 ab
691 969 724 1018 a.
755 964 861 1033 1411.
884 940 997 1037 aliqui
1027 959 1171 1034 motus,
1197 964 1293 1016 ettam

72 1052 199 1122 caedes
231 1062 383 1142 patratae
414 1041 562 1134 Pragae,
594 1039 779 1115 oecaiione
810 1036 1137 1134 indulgentiarum,
1160 1061 1203 1113 et
1227 1061 1295 1111 cru·

72 1140 243 1214 ciatamm
266 1136 555 1232 expeditionum,
582 1159 602 1208 a
627 1137 790 1232 Johanne
815 1134 950 1208 Xlilll.
976 1136 1294 1231 promulgantem,

72 1258 200 1310 contra
222 1231 439 1321 Ladillaum,
463 1230 781 1327 Neapolitanorum
799 1231 966 1326 Regem3
992 1231 1127 1327 quibus
1144 1232 1219 1305 sese
1240 1252 1293 1303 re·

71 1331 257 1404 dementer
282 1326 417 1422 objecit
442 1326 593 1417 Huiius,
617 1348 848 1424 magnamque
871 1326 995 1421 populi
1009 1328 1158 1420 copiam
1175 1330 1212 1399 io
1229 1324 1298 1398 soar

77 1446 184 1501 traxit
212 1442 345 1520 partes,
370 1423 424 1495 ita
452 1441 492 1494 ut
517 1445 571 1496 rer
595 1445 706 1518 prope
730 1445 751 1497 a
775 1420 1120 1511 leditiooeabeffet,
1146 1427 1291 1500 marine

74 1520 259 1620 postquam
290 1539 361 1590 tres
387 1517 545 1591 Huffitae
570 1517 681 1592 client
709 1517 828 1613 capite
854 1517 973 1612 pleri,
1004 1517 1068 1614 qui
1097 1537 1220 1614 partes
1242 1538 1293 1590 err

75 1636 224 1723 egerant
255 1613 509 1719 confidentius,
541 1632 580 1685 et
603 1612 782 1727 audacius,
809 1612 888 1701 sed,
912 1633 992 1685 cum
1015 1614 1130 1710 Praga
1158 1634 1294 1710 propte·

78 1706 773 1914 lteltllltlrfsttlzzllltll
791 1709 954 1900 {sillia
971 1707 1293 1902 utilitati

80 1902 108 1980 st
139 1922 177 1976 et
211 1902 438 1996 Hieronymi.
486 1899 569 2001 Quo
599 1901 720 1974 audito
760 1903 799 1973 in
839 1897 1015 1972 Bolremia
1056 1899 1173 1975 animi
1203 1902 1292 1976 valde

78 2001 160 2078 runt
192 1995 409 2085 exacerbati,
442 2018 512 2069 non
538 1996 649 2091 plebis
673 2015 830 2081 tantum,
855 2013 892 2066 et
916 1993 1054 2070 viliorie
1078 1995 1292 2071 conditionis

79 2094 284 2183 hominum,
311 2093 366 2167 sed
390 2091 572 2166 Nobilium
596 2113 736 2189 quoque
752 2110 790 2163 et
804 2086 986 2163 illustrium
1005 2091 1194 2184 virorum,
1216 2096 1308 2189 qui,

81 2192 212 2268 litteris
246 2193 288 2264 ad
326 2189 508 2284 synodum
535 2183 686 2282 scriptio,
720 2185 994 2282 indignationem
1018 2190 1203 2262 acerrimo
1224 2189 1292 2262 llilo

83 2285 201 2363 testati
229 2286 328 2374 lunt,
353 2287 442 2359 ficut
468 2305 505 2358 et
522 2283 611 2357 fecit
625 2283 697 2380 ipsa
711 2280 925 2357 Univerfitas
943 2281 1144 2378 Pragensu,
1173 2285 1292 2358 litteris

82 2381 292 2456 unanimiter
314 2380 357 2453 ad
383 2402 508 2453 omues
530 2379 730 2453 Catholieos
754 2377 874 2465 miffar,
897 2378 1021 2471 quibus
1049 2378 1188 2454 illustre
1204 2380 1293 2455 dedit

81 2477 197 2557 Huffo
228 2473 476 2549 testimonium.
529 2473 647 2546 Edidit
671 2494 852 2570 praeterea
875 2472 1099 2548 Universttas
1130 2474 1223 2552 ruod
1244 2473 1295 2548 diu

131 2571 179 2661 st,
201 2594 296 2645 anno
325 2591 456 2662 1417.,
478 2569 726 2647 declarationem
752 2573 916 2668 pullicum
950 2591 1015 2665 pro
1049 2572 1296 2648 communione

80 2596 147 2748 itib
174 2688 317 2766 utraque
335 2664 452 2764 specie
468 2684 592 2739 contra
614 2667 796 2742 decretum
811 2661 1085 2741 constantiense.
1136 2669 1297 2744 Primam
1325 2750 1333 2763 „

85 2790 195 2866 porro
216 2766 426 2852 Bolremiae,
449 2760 487 2834 in
511 2782 616 2835 unum
634 2761 769 2854 coadii,
794 2781 832 2836 ut
850 2764 951 2834 rebor
966 2760 1293 2854 suiacoolulerent,

85 2866 219 2959 aliquos
258 2865 492 2936 decreverunt
536 2859 725 2933 mittendos
764 2859 808 2931 ad
843 2854 1092 2931 wencessaum
1140 2858 1295 2958 Regem,

84 2960 145 3059 qui
176 2956 344 3033 Ecclessas
375 2957 565 3052 separatas,
594 2956 633 3029 in
668 2956 791 3052 quibua
816 2955 947 3027 cultum
981 2952 1073 3040 Dei,
1108 2955 1173 3028 suo
1198 2955 1297 3067 modo

85 3053 950 3256 tralllraprn‘f‘lltnssmrazii„
973 3047 1301 3236 {diffidendi}

87 3246 272 3345 partesque
305 3240 379 3318 suas
408 3243 517 3338 magio
547 3243 722 3340 magilque
744 3242 970 3326 confirmare,
1005 3259 1042 3312 et
1064 3244 1300 3338 amplificare,

87 3341 206 3418 conati
237 3340 335 3427 sunt,
367 3339 492 3435 absque
519 3357 557 3410 ut
585 3361 641 3412 ret
669 3340 705 3411 in
739 3338 864 3411 bellum
894 3337 1070 3431 eruperit,
1104 3357 1188 3413 toto
1216 3360 1302 3413 anno

93 3460 199 3530 1417.
249 3436 404 3508 Tantum
429 3432 633 3507 memoriam
658 3432 758 3507 Huffi
781 3434 1014 3506 decreverunt
1037 3431 1157 3524 festo,
1178 3434 1218 3509 iu
1240 3436 1303 3508 ho«

88 3555 212 3612 norem
236 3531 311 3627 ejus
334 3527 518 3627 quotannis
541 3528 766 3617 celebrando,
791 3527 1024 3602 honorandam
1046 3527 1146 3621 elle,-
1172 3531 1304 3628 seseque

86 3629 258 3708 etiamad
286 3625 476 3700 vindidlam
500 3624 543 3694 de
566 3625 641 3723 ejut
664 3643 779 3697 morte
802 3623 998 3700 sumendam
1031 3646 1294 3725 praeparamur,

89 3727 243 3824 denique
267 3721 376 3815 tnagis
399 3719 575 3816 magisque
605 3719 869 3795 catholicorum
894 3740 932 3794 et
961 3716 1203 3799 Bohemorum
1227 3718 1290 3793 η’·

89 3823 138 3899 mi
162 3827 199 3899 in
223 3818 258 3893 se
281 3817 436 3892 invicem
459 3813 585 3888 irritati
609 3818 706 3905 suot,
732 3818 857 3892 illorum
881 3838 945 3908 per
969 3814 1082 3888 variar
1104 3816 1292 3894 inveto‘vu

86 3921 124 3996 iu
156 3915 353 4016 Synodum,
392 3936 428 3986 et
459 3911 596 3985 cantica
633 3913 669 3986 in
709 3912 822 3986 laudet
862 3910 961 3986 Huffi
1002 3913 1136 4009 ubique
1175 3910 1298 4010 spada,

84 4019 245 4118 quodque
281 4010 356 4091 lese
393 4006 540 4087 concilii
580 4007 735 4086 decretis
762 4009 878 4107 palam
909 4028 1165 4106 opponerent,
1195 4014 1302 4087 lanu

1219 4124 1299 4183 vero

24 4352 77 4477 l
