3022 4806
206 502 217 519 Ι

600 588 706 669 Serus.
729 588 817 664 llll.
1271 618 1315 693 ry

90 762 207 839 titulus
232 763 297 864 ipsr
319 760 485 840 adhaesit.
530 763 672 862 Scripsrt
688 785 867 864 praetcrea
895 783 1121 842 commentar.
1148 770 1186 842 in
1214 768 1303 841 Psn'l.
1427 785 1429 789 ·

90 878 183 952 mos,
218 883 257 936 et
284 860 498 939 colleslanea
520 885 564 935 err
590 864 746 936 Patribus
776 861 813 934 in
847 884 971 936 omnes
1002 866 1098 936 Pauli
1135 863 1303 958 epistolas.

93 959 289 1033 Methodns
311 955 416 1052 ipsrus
435 955 512 1047 ¹est,
538 956 692 1032 resecare
711 958 983 1052 disputationes,
1017 980 1054 1031 et
1081 961 1304 1055 quaestiones

93 1053 371 1164 pbilosophicas,
400 1070 437 1124 et
462 1051 680 1144 dialecticas,
706 1052 810 1148 seque
830 1074 893 1147 per
909 1055 1026 1127 omnia
1045 1055 1183 1127 Parrum
1216 1054 1304 1126 dcli·

96 1150 316 1235 mtionibus,
341 1166 378 1220 et
401 1145 631 1222 decisronibus
656 1149 818 1246 adligare.
865 1149 1091 1246 Praecipuum
1128 1173 1233 1237 vero,
1269 1165 1308 1221 ut

95 1243 187 1336 diri,
223 1267 313 1341 opus
340 1241 411 1332 est,
436 1242 531 1338 qnod
548 1262 698 1340 quatuor
715 1246 823 1317 libros
830 1243 1073 1340 sententiarum
1098 1242 1307 1342 complesti·

95 1358 169 1428 tur,
204 1339 298 1437 quod
316 1341 464 1433 probali
483 1359 519 1411 et
535 1360 654 1412 norma
675 1338 841 1434 deinceps
856 1343 1054 1414 habuerunt
1072 1339 1305 1427 Scholastici,

96 1455 129 1508 et
151 1435 188 1508 in
214 1433 310 1530 quod
333 1434 487 1529 prolixos
520 1434 725 1530 scripserunt
759 1437 1050 1524 commentarios,
1089 1437 1146 1509 sed
1182 1459 1202 1509 a
1234 1457 1308 1507 me·
1411 1446 1416 1453 '

100 1530 209 1604 tltodo
234 1528 426 1602 Lombardi
451 1533 557 1625 longe
581 1529 819 1620 discedentes,
844 1552 923 1604 cum
950 1530 1129 1605 dialeslice
1146 1548 1181 1604 et
1197 1532 1307 1605 scho-

97 1625 214 1701 lastice
241 1624 443 1712 instituant3
469 1648 488 1697 a
514 1648 583 1722 quo
608 1649 670 1699 eos
693 1623 891 1700 abstrahere
916 1645 1064 1701 conatus
1093 1647 1167 1700 erat
1200 1629 1308 1699 Lom-

99 1721 230 1797 bardus.
287 1719 376 1817 Agit
409 1743 498 1793 vero
542 1721 580 1793 in
622 1720 720 1794 libris
765 1719 1010 1795 sententiarum
1058 1745 1090 1796 r.
1121 1723 1169 1794 de
1202 1721 1307 1810 Deo,

101 1819 295 1905 Trinitate,
326 1814 511 1890 adtributis
532 1804 682 1905 divinis,
714 1815 961 1912 praescientia,
989 1835 1025 1890 et
1049 1815 1309 1909 praedestinati·

101 1935 166 1986 one
193 1933 226 1985 2.
252 1911 298 1985 de
323 1912 523 1999 creatione,
546 1912 715 2008 Angelis,
739 1931 777 1983 et
803 1911 947 1985 homine
973 1913 1091 2008 lapso,
1126 1914 1170 1984 de
1194 1914 1328 2005 libero,

98 2005 267 2096 arbitrio,
301 2005 430 2102 gratia,
463 2025 613 2102 peccato
637 2005 800 2103 originali
827 2026 896 2080 etc.
949 2030 982 2100 3.
1016 2008 1061 2082 de
1097 2007 1310 2082 lncarnatio·

100 2128 162 2192 ne,
189 2102 332 2199 ejusque
346 2100 453 2175 causis
468 2122 505 2175 et
521 2100 682 2190 effeslis,
708 2103 880 2176 charitate
898 2103 970 2174 Dei
992 2123 1028 2174 et
1053 2103 1236 2198 proximi,
1272 2117 1310 2175 et
1347 2150 1349 2155 -

101 2224 134 2290 4.
157 2198 203 2272 de
229 2197 472 2284 sacramentis,
495 2197 555 2271 seu
579 2196 624 2269 de
644 2196 836 2291 baptismo,
862 2195 1089 2284 eucharistia,
1120 2200 1310 2292 poeniten·

105 2300 173 2377 tia,
198 2291 371 2387 potestate
393 2290 564 2382 clavium,
590 2311 747 2365 extrema
773 2288 959 2380 unitione,
984 2291 1166 2367 ordinibus
1189 2293 1314 2368 Eccle-

101 2388 237 2463 sufficis
260 2407 320 2461 etc
341 2441 352 2476 ,
377 2384 527 2484 denique
551 2387 596 2460 de
625 2384 828 2462 novissimis.
881 2390 1045 2461 Ceterum
1074 2388 1243 2484 imitatus,
1261 2383 1313 2461 est

98 2487 294 2582 Johannem
318 2484 589 2571 Damascenum,
615 2501 701 2557 tunc
723 2481 762 2555 in
784 2481 936 2577 linguam
960 2483 1120 2556 Latinam
1148 2499 1312 2558 recenter

99 2580 326 2666 conversum,
358 2597 540 2674 praeterea
566 2577 807 2653 Abaelardum.
860 2578 1022 2652 Tradunt
1050 2581 1190 2674 quidem
1225 2599 1314 2653 non·

99 2675 202 2763 nulli,
236 2697 316 2749 eum
341 2671 541 2769 compilasse
567 2673 791 2760 blandinum,
827 2672 963 2748 obscuri
988 2674 1142 2747 nominis
1169 2674 1282 2748 virum
1303 2688 1336 2761 ,'

100 2774 197 2869 cujus
221 2771 349 2843 summa
374 2767 597 2867 Theologiae
632 2767 700 2845 sec.
735 2767 838 2844 XVI.
871 2768 1008 2864 prodiit
1042 2770 1222 2858 Viennae,
1256 2766 1316 2857 sed

101 2869 145 2941 de
167 2867 267 2966 ipso,
295 2885 457 2974 tanquam
480 2887 562 2938 ante
586 2864 798 2951 Lombard,
824 2862 913 2938 nihil
938 2862 1089 2952 constat,
1125 2883 1161 2935 et
1185 2862 1316 2937 retlius

100 2965 192 3036 sorte
226 2986 292 3057 pro
318 2981 476 3056 epitome
509 2960 698 3033 Lombardi
729 2959 879 3034 habetur
921 2960 997 3055 ejus
1028 2983 1126 3056 opus.
1179 2959 1315 3055 Incidit

104 3081 241 3155 quoque
264 3056 480 3130 Lombardus
503 3057 538 3128 in
564 3052 736 3129 haerelios
759 3052 1011 3151 suspicionem,
1047 3057 1126 3152 ejus
1145 3079 1187 3129 ue
1210 3078 1316 3129 accu-¹

103 3158 189 3228 satus
223 3151 294 3242 est,
344 3173 384 3224 ac
416 3150 691 3242 condemnatus,
732 3169 806 3223 tum
848 3148 885 3224 in
925 3149 1082 3224 concilio
1118 3080 1316 3229 insonans.

106 3276 134 3323 a.
168 3257 295 3343 1163.‚
322 3264 395 3336 tum
420 3248 461 3322 ab
484 3244 684 3322 Alexandro
708 3247 774 3319 111.
800 3244 892 3340 Papa
915 3243 952 3317 in
977 3244 1077 3340 epist.
1102 3247 1144 3320 ad
1180 3247 1315 3321 Guliel-

106 3369 197 3419 mum
229 3342 489 3433 senonensem,
528 3340 648 3438 postea
679 3341 940 3429 Rbemensem,
974 3339 1316 3438 Archiepiscopnm,

106 3445 242 3536 scripta.
292 3441 475 3533 inpuratus
507 3435 571 3531 ipsr
605 3433 673 3510 fuit
714 3459 839 3524 error,
882 3433 1086 3526 Christum,
1130 3437 1317 3515 secundurn'

110 3539 200 3634 quod
228 3538 359 3622 homo,
392 3556 463 3606 non
489 3532 558 3606 else
589 3533 730 3627 aliquid,
764 3534 980 3630 verbumque
1002 3533 1162 3608 divinum
1187 3555 1318 3632 corpo·

106 3636 136 3706 ri
159 3650 194 3704 et
216 3630 351 3703 animae
373 3629 422 3703 ita
439 3626 575 3701 unitum
596 3626 720 3718 fnisse,
744 3648 783 3707 ut
807 3625 1036 3719 indumento;
1060 3653 1163 3727 quem
1187 3629 1317 3706 refuta·

108 3730 159 3802 vit
192 3727 376 3824 Johannes
399 3722 668 3812 Cornubiensrs,
701 3721 855 3819 Anglus,
893 3721 988 3797 circa
1020 3751 1050 3800 a.
1081 3747 1184 3818 1173.
1209 3726 1243 3800 in
1277 3723 1319 3802 li·

107 3822 234 3898 broad
260 3819 500 3895 Alexandrum
526 3821 616 3913 lsl.,
650 3819 741 3914 apud
768 3819 935 3894 Martene
958 3818 993 3892 in
1023 3818 1185 3895 thesauro
1217 3841 1319 3896 anec-

105 3921 174 3994 dot.
202 3936 291 3991 tons.
320 3917 395 4004 V.,
431 3914 491 3988 ubi
519 3915 595 3991 vid.
618 3914 813 3990 admonitio
836 3913 911 4008 ejus
942 3916 1096 4010 praevia.
1145 3917 1318 3990 Condem-

107 4016 170 4090 nati
196 4012 306 4088 etiam
333 4010 411 4086 sunt
436 4009 571 4088 Parisiis
595 4033 625 4089 a.
654 4031 760 4107 1277.
784 4009 942 4090 nonnulli
967 4011 1050 4115 ejus
1072 4032 1226 4102 errores,
1257 4009 1319 4108 qui

151 4110 240 4188 Tum.
272 4106 338 4183 VI.
693 4107 724 4187 C
1278 4106 1325 4193 ad
1335 4162 1436 4532 l
