<?xml version="1.0" encoding="UTF-8"?>
<!DOCTYPE html PUBLIC "-//W3C//DTD XHTML 1.0 Transitional//EN"
    "http://www.w3.org/TR/xhtml1/DTD/xhtml1-transitional.dtd">
<html xmlns="http://www.w3.org/1999/xhtml" xml:lang="en" lang="en">
 <head>
  <title>
</title>
<meta http-equiv="Content-Type" content="text/html;charset=utf-8" />
  <meta name='ocr-system' content='tesseract 3.04.00' />
  <meta name='ocr-capabilities' content='ocr_page ocr_carea ocr_par ocr_line ocrx_word'/>
</head>
<body>
  <div class='ocr_page' id='page_1' title='image "./hermannivenemai00venegoog_0528.png"; bbox 0 0 3022 4806; ppageno 0'>
   <div class='ocr_carea' id='block_1_1' title="bbox 659 579 872 659">
    <p class='ocr_par' dir='ltr' id='par_1_1' title="bbox 659 579 872 659">
     <span class='ocr_line' id='line_1_1' title="bbox 659 579 872 659; baseline -0.019 0"><span class='ocrx_word' id='word_1_1' title='bbox 659 581 767 659; x_wconf 65' lang='lat' dir='ltr'><strong>&amp;col</strong></span> <span class='ocrx_word' id='word_1_2' title='bbox 793 579 872 655; x_wconf 76' lang='lat' dir='ltr'><strong>XV.</strong></span> 
     </span>
    </p>
   </div>
   <div class='ocr_carea' id='block_1_2' title="bbox 135 750 1408 4018">
    <p class='ocr_par' dir='ltr' id='par_1_2' title="bbox 146 750 1408 2473">
     <span class='ocr_line' id='line_1_2' title="bbox 158 750 1385 852; baseline 0.002 -22"><span class='ocrx_word' id='word_1_3' title='bbox 158 767 241 831; x_wconf 77' lang='lat' dir='ltr'><strong>terr</strong></span> <span class='ocrx_word' id='word_1_4' title='bbox 265 751 347 830; x_wconf 86' lang='lat' dir='ltr'><strong>viee</strong></span> <span class='ocrx_word' id='word_1_5' title='bbox 371 750 460 832; x_wconf 74' lang='lat' dir='ltr'><strong>vieti</strong></span> <span class='ocrx_word' id='word_1_6' title='bbox 486 757 583 852; x_wconf 92' lang='lat' dir='ltr'><strong>sunt,</strong></span> <span class='ocrx_word' id='word_1_7' title='bbox 610 757 720 834; x_wconf 81' lang='lat' dir='ltr'><strong>Zizka</strong></span> <span class='ocrx_word' id='word_1_8' title='bbox 743 762 864 835; x_wconf 88' lang='lat' dir='ltr'><strong>urbem</strong></span> <span class='ocrx_word' id='word_1_9' title='bbox 881 751 1020 847; x_wconf 75' lang='lat' dir='ltr'>obsedit</span> <span class='ocrx_word' id='word_1_10' title='bbox 1043 778 1074 833; x_wconf 87' lang='lat' dir='ltr'><strong>a.</strong></span> <span class='ocrx_word' id='word_1_11' title='bbox 1100 776 1206 851; x_wconf 77' lang='lat'>1424.</span> <span class='ocrx_word' id='word_1_12' title='bbox 1234 762 1385 848; x_wconf 84' lang='lat' dir='ltr'><strong>Tabori.</strong></span> 
     </span>
     <span class='ocr_line' id='line_1_3' title="bbox 163 852 1380 961; baseline 0.012 -36"><span class='ocrx_word' id='word_1_13' title='bbox 163 870 227 925; x_wconf 84' lang='lat' dir='ltr'><strong>tae</strong></span> <span class='ocrx_word' id='word_1_14' title='bbox 255 852 397 949; x_wconf 85' lang='lat' dir='ltr'><strong>quidem</strong></span> <span class='ocrx_word' id='word_1_15' title='bbox 427 854 533 929; x_wconf 86' lang='lat' dir='ltr'><strong>initio</strong></span> <span class='ocrx_word' id='word_1_16' title='bbox 566 858 683 930; x_wconf 86' lang='lat' dir='ltr'><strong>urbem</strong></span> <span class='ocrx_word' id='word_1_17' title='bbox 717 855 891 930; x_wconf 89' lang='lat' dir='ltr'><strong>holliliter</strong></span> <span class='ocrx_word' id='word_1_18' title='bbox 925 875 1130 951; x_wconf 83' lang='lat' dir='ltr'>oppugnare</span> <span class='ocrx_word' id='word_1_19' title='bbox 1168 879 1380 961; x_wconf 89' lang='lat' dir='ltr'><strong>renuerunt,</strong></span> 
     </span>
     <span class='ocr_line' id='line_1_4' title="bbox 156 949 1378 1047; baseline 0.011 -27"><span class='ocrx_word' id='word_1_20' title='bbox 156 967 244 1020; x_wconf 84' lang='lat' dir='ltr'><strong>cum</strong></span> <span class='ocrx_word' id='word_1_21' title='bbox 268 969 372 1046; x_wconf 85' lang='lat' dir='ltr'><strong>caput</strong></span> <span class='ocrx_word' id='word_1_22' title='bbox 402 951 505 1046; x_wconf 87' lang='lat' dir='ltr'><strong>regni</strong></span> <span class='ocrx_word' id='word_1_23' title='bbox 530 952 631 1039; x_wconf 82' lang='lat' dir='ltr'><strong>effer,</strong></span> <span class='ocrx_word' id='word_1_24' title='bbox 665 969 701 1024; x_wconf 92' lang='lat' dir='ltr'><strong>et</strong></span> <span class='ocrx_word' id='word_1_25' title='bbox 727 950 881 1047; x_wconf 84' lang='lat' dir='ltr'><strong>ejusdem</strong></span> <span class='ocrx_word' id='word_1_26' title='bbox 905 949 1019 1023; x_wconf 86' lang='lat' dir='ltr'><strong>secum</strong></span> <span class='ocrx_word' id='word_1_27' title='bbox 1043 949 1151 1024; x_wconf 87' lang='lat' dir='ltr'><strong>animi</strong></span> <span class='ocrx_word' id='word_1_28' title='bbox 1176 955 1215 1026; x_wconf 92' lang='lat' dir='ltr'><strong>iu</strong></span> <span class='ocrx_word' id='word_1_29' title='bbox 1240 955 1378 1038; x_wconf 83' lang='lat' dir='ltr'><strong>bostem</strong></span> 
     </span>
     <span class='ocr_line' id='line_1_5' title="bbox 161 1044 1377 1151; baseline 0.007 -34"><span class='ocrx_word' id='word_1_30' title='bbox 161 1065 411 1132; x_wconf 86' lang='lat' dir='ltr'><strong>communem,</strong></span> <span class='ocrx_word' id='word_1_31' title='bbox 447 1048 505 1120; x_wconf 84' lang='lat' dir='ltr'><strong>l&#39;ed</strong></span> <span class='ocrx_word' id='word_1_32' title='bbox 530 1071 550 1121; x_wconf 85' lang='lat' dir='ltr'><strong>a</strong></span> <span class='ocrx_word' id='word_1_33' title='bbox 572 1045 697 1138; x_wconf 75' lang='lat' dir='ltr'><strong>Zizia,</strong></span> <span class='ocrx_word' id='word_1_34' title='bbox 722 1047 898 1123; x_wconf 81' lang='lat' dir='ltr'>Oratione</span> <span class='ocrx_word' id='word_1_35' title='bbox 921 1044 963 1118; x_wconf 87' lang='lat' dir='ltr'><strong>ad</strong></span> <span class='ocrx_word' id='word_1_36' title='bbox 987 1064 1049 1119; x_wconf 78' lang='lat' dir='ltr'><strong>eot</strong></span> <span class='ocrx_word' id='word_1_37' title='bbox 1072 1044 1211 1139; x_wconf 86' lang='lat' dir='ltr'><strong>habita,</strong></span> <span class='ocrx_word' id='word_1_38' title='bbox 1234 1048 1271 1126; x_wconf 90' lang='lat' dir='ltr'><strong>in</strong></span> <span class='ocrx_word' id='word_1_39' title='bbox 1299 1079 1377 1151; x_wconf 63' lang='lat' dir='ltr'><strong>par,</strong></span> 
     </span>
     <span class='ocr_line' id='line_1_6' title="bbox 161 1138 1373 1245; baseline 0.011 -32"><span class='ocrx_word' id='word_1_40' title='bbox 161 1154 220 1213; x_wconf 82' lang='lat' dir='ltr'><strong>ter</strong></span> <span class='ocrx_word' id='word_1_41' title='bbox 254 1139 356 1213; x_wconf 70' lang='lat' dir='ltr'><strong>troili</strong></span> <span class='ocrx_word' id='word_1_42' title='bbox 387 1138 473 1217; x_wconf 87' lang='lat' dir='ltr'><strong>sunt.</strong></span> <span class='ocrx_word' id='word_1_43' title='bbox 518 1141 691 1217; x_wconf 83' lang='lat' dir='ltr'><strong>Omnibus</strong></span> <span class='ocrx_word' id='word_1_44' title='bbox 719 1165 804 1216; x_wconf 87' lang='lat' dir='ltr'><strong>vero</strong></span> <span class='ocrx_word' id='word_1_45' title='bbox 834 1144 878 1217; x_wconf 84' lang='lat' dir='ltr'><strong>ad</strong></span> <span class='ocrx_word' id='word_1_46' title='bbox 900 1139 1202 1236; x_wconf 83' lang='lat' dir='ltr'><strong>oppugnationem</strong></span> <span class='ocrx_word' id='word_1_47' title='bbox 1227 1152 1373 1245; x_wconf 77' lang='lat' dir='ltr'><strong>paratio,</strong></span> 
     </span>
     <span class='ocr_line' id='line_1_7' title="bbox 162 1233 1373 1336; baseline 0.012 -29"><span class='ocrx_word' id='word_1_48' title='bbox 162 1233 352 1331; x_wconf 83' lang='lat' dir='ltr'><strong>Pragenses</strong></span> <span class='ocrx_word' id='word_1_49' title='bbox 376 1238 420 1309; x_wconf 89' lang='lat' dir='ltr'><strong>de</strong></span> <span class='ocrx_word' id='word_1_50' title='bbox 435 1258 523 1333; x_wconf 79' lang='lat' dir='ltr'><strong>pace</strong></span> <span class='ocrx_word' id='word_1_51' title='bbox 538 1261 616 1312; x_wconf 86' lang='lat' dir='ltr'><strong>curn</strong></span> <span class='ocrx_word' id='word_1_52' title='bbox 633 1237 740 1312; x_wconf 89' lang='lat' dir='ltr'><strong>Zizka</strong></span> <span class='ocrx_word' id='word_1_53' title='bbox 752 1254 918 1336; x_wconf 88' lang='lat' dir='ltr'><strong>egerunt,</strong></span> <span class='ocrx_word' id='word_1_54' title='bbox 944 1258 1022 1309; x_wconf 89' lang='lat' dir='ltr'><strong>earu</strong></span> <span class='ocrx_word' id='word_1_55' title='bbox 1037 1234 1251 1331; x_wconf 87' lang='lat' dir='ltr'><strong>effecerunt,</strong></span> <span class='ocrx_word' id='word_1_56' title='bbox 1277 1267 1373 1322; x_wconf 82' lang='lat' dir='ltr'><strong>euna·</strong></span> 
     </span>
     <span class='ocr_line' id='line_1_8' title="bbox 160 1330 1369 1434; baseline 0.012 -33"><span class='ocrx_word' id='word_1_57' title='bbox 160 1351 231 1425; x_wconf 85' lang='lat' dir='ltr'><strong>qne</strong></span> <span class='ocrx_word' id='word_1_58' title='bbox 271 1330 309 1406; x_wconf 90' lang='lat' dir='ltr'><strong>in</strong></span> <span class='ocrx_word' id='word_1_59' title='bbox 340 1333 461 1406; x_wconf 87' lang='lat' dir='ltr'><strong>orbern</strong></span> <span class='ocrx_word' id='word_1_60' title='bbox 492 1332 724 1423; x_wconf 82' lang='lat' dir='ltr'><strong>admiserunt,</strong></span> <span class='ocrx_word' id='word_1_61' title='bbox 758 1335 904 1428; x_wconf 84' lang='lat' dir='ltr'><strong>ingente</strong></span> <span class='ocrx_word' id='word_1_62' title='bbox 935 1352 1019 1405; x_wconf 84' lang='lat' dir='ltr'><strong>cunt</strong></span> <span class='ocrx_word' id='word_1_63' title='bbox 1049 1331 1194 1410; x_wconf 87' lang='lat' dir='ltr'><strong>honore.</strong></span> <span class='ocrx_word' id='word_1_64' title='bbox 1243 1340 1369 1434; x_wconf 85' lang='lat' dir='ltr'><strong>Unde,</strong></span> 
     </span>
     <span class='ocr_line' id='line_1_9' title="bbox 157 1424 1367 1529; baseline 0.011 -32"><span class='ocrx_word' id='word_1_65' title='bbox 157 1424 260 1522; x_wconf 86' lang='lat' dir='ltr'><strong>pelle</strong></span> <span class='ocrx_word' id='word_1_66' title='bbox 283 1424 473 1523; x_wconf 62' lang='lat' dir='ltr'><strong>gustante,</strong></span> <span class='ocrx_word' id='word_1_67' title='bbox 498 1452 578 1503; x_wconf 87' lang='lat' dir='ltr'><strong>cunr</strong></span> <span class='ocrx_word' id='word_1_68' title='bbox 604 1429 801 1505; x_wconf 82' lang='lat' dir='ltr'><strong>discelliffet</strong></span> <span class='ocrx_word' id='word_1_69' title='bbox 818 1431 853 1504; x_wconf 92' lang='lat' dir='ltr'><strong>in</strong></span> <span class='ocrx_word' id='word_1_70' title='bbox 871 1427 1094 1516; x_wconf 84' lang='lat' dir='ltr'><strong>Morariam,</strong></span> <span class='ocrx_word' id='word_1_71' title='bbox 1118 1427 1168 1503; x_wconf 94' lang='lat' dir='ltr'><strong>ibi</strong></span> <span class='ocrx_word' id='word_1_72' title='bbox 1187 1453 1232 1506; x_wconf 84' lang='lat' dir='ltr'><strong>ex</strong></span> <span class='ocrx_word' id='word_1_73' title='bbox 1248 1437 1367 1529; x_wconf 84' lang='lat' dir='ltr'><strong>peste,</strong></span> 
     </span>
     <span class='ocr_line' id='line_1_10' title="bbox 160 1520 1408 1629; baseline 0.011 -36"><span class='ocrx_word' id='word_1_74' title='bbox 160 1539 205 1593; x_wconf 87' lang='lat' dir='ltr'><strong>ut</strong></span> <span class='ocrx_word' id='word_1_75' title='bbox 235 1520 390 1610; x_wconf 80' lang='lat' dir='ltr'><strong>narravi,</strong></span> <span class='ocrx_word' id='word_1_76' title='bbox 421 1545 442 1593; x_wconf 88' lang='lat' dir='ltr'><strong>e</strong></span> <span class='ocrx_word' id='word_1_77' title='bbox 473 1523 566 1598; x_wconf 80' lang='lat' dir='ltr'><strong>vivia</strong></span> <span class='ocrx_word' id='word_1_78' title='bbox 600 1526 649 1599; x_wconf 90' lang='lat' dir='ltr'><strong>est</strong></span> <span class='ocrx_word' id='word_1_79' title='bbox 681 1528 820 1600; x_wconf 83' lang='lat' dir='ltr'><strong>ablatus.</strong></span> <span class='ocrx_word' id='word_1_80' title='bbox 868 1525 1025 1598; x_wconf 82' lang='lat' dir='ltr'><strong>Narrant</strong></span> <span class='ocrx_word' id='word_1_81' title='bbox 1056 1521 1236 1615; x_wconf 89' lang='lat' dir='ltr'><strong>historici,</strong></span> <span class='ocrx_word' id='word_1_82' title='bbox 1262 1531 1368 1629; x_wconf 87' lang='lat' dir='ltr'><strong>Sigis·</strong></span> <span class='ocrx_word' id='word_1_83' title='bbox 1403 1567 1408 1576; x_wconf 39' lang='lat' dir='ltr'><strong>r</strong></span> 
     </span>
     <span class='ocr_line' id='line_1_11' title="bbox 159 1613 1366 1730; baseline 0.011 -40"><span class='ocrx_word' id='word_1_84' title='bbox 159 1613 332 1690; x_wconf 81' lang='lat' dir='ltr'><strong>inondum</strong></span> <span class='ocrx_word' id='word_1_85' title='bbox 365 1616 501 1707; x_wconf 82' lang='lat' dir='ltr'><strong>inultis,</strong></span> <span class='ocrx_word' id='word_1_86' title='bbox 527 1619 809 1730; x_wconf 74' lang='lat' dir='ltr'><strong>magnificisque,</strong></span> <span class='ocrx_word' id='word_1_87' title='bbox 834 1617 1161 1715; x_wconf 79' lang='lat' dir='ltr'><strong>pollicitationibus,</strong></span> <span class='ocrx_word' id='word_1_88' title='bbox 1186 1621 1366 1704; x_wconf 85' lang='lat' dir='ltr'><strong>Guberna-</strong></span> 
     </span>
     <span class='ocr_line' id='line_1_12' title="bbox 157 1711 1366 1810; baseline 0.009 -23"><span class='ocrx_word' id='word_1_89' title='bbox 157 1712 247 1787; x_wconf 82' lang='lat' dir='ltr'><strong>toris</strong></span> <span class='ocrx_word' id='word_1_90' title='bbox 277 1733 414 1810; x_wconf 88' lang='lat' dir='ltr'><strong>quoque</strong></span> <span class='ocrx_word' id='word_1_91' title='bbox 449 1715 557 1789; x_wconf 83' lang='lat' dir='ltr'><strong>totius</strong></span> <span class='ocrx_word' id='word_1_92' title='bbox 588 1719 776 1791; x_wconf 87' lang='lat' dir='ltr'><strong>Bobemrae</strong></span> <span class='ocrx_word' id='word_1_93' title='bbox 802 1717 915 1789; x_wconf 86' lang='lat' dir='ltr'><strong>oblata</strong></span> <span class='ocrx_word' id='word_1_94' title='bbox 939 1711 1133 1808; x_wconf 82' lang='lat' dir='ltr'><strong>dignitate,</strong></span> <span class='ocrx_word' id='word_1_95' title='bbox 1159 1714 1219 1791; x_wconf 82' lang='lat' dir='ltr'><strong>sibi</strong></span> <span class='ocrx_word' id='word_1_96' title='bbox 1244 1722 1366 1797; x_wconf 86' lang='lat' dir='ltr'><strong>devin-</strong></span> 
     </span>
     <span class='ocr_line' id='line_1_13' title="bbox 154 1807 1366 1908; baseline -0.002 -28"><span class='ocrx_word' id='word_1_97' title='bbox 154 1807 235 1880; x_wconf 79' lang='lat' dir='ltr'><strong>cire</strong></span> <span class='ocrx_word' id='word_1_98' title='bbox 257 1826 418 1882; x_wconf 87' lang='lat' dir='ltr'><strong>conatum</strong></span> <span class='ocrx_word' id='word_1_99' title='bbox 443 1807 562 1897; x_wconf 84' lang='lat' dir='ltr'><strong>luill&#39;e,</strong></span> <span class='ocrx_word' id='word_1_100' title='bbox 586 1814 641 1885; x_wconf 89' lang='lat' dir='ltr'><strong>sed</strong></span> <span class='ocrx_word' id='word_1_101' title='bbox 666 1833 758 1886; x_wconf 87' lang='lat' dir='ltr'><strong>mors</strong></span> <span class='ocrx_word' id='word_1_102' title='bbox 786 1812 859 1907; x_wconf 83' lang='lat' dir='ltr'><strong>ejut</strong></span> <span class='ocrx_word' id='word_1_103' title='bbox 881 1808 1082 1883; x_wconf 83' lang='lat' dir='ltr'><strong>interceffit.</strong></span> <span class='ocrx_word' id='word_1_104' title='bbox 1113 1809 1228 1883; x_wconf 88' lang='lat' dir='ltr'><strong>Morti</strong></span> <span class='ocrx_word' id='word_1_105' title='bbox 1246 1819 1366 1908; x_wconf 81' lang='lat' dir='ltr'><strong>proxi.</strong></span> 
     </span>
     <span class='ocr_line' id='line_1_14' title="bbox 156 1902 1366 2000; baseline 0.008 -24"><span class='ocrx_word' id='word_1_106' title='bbox 156 1925 238 1977; x_wconf 85' lang='lat' dir='ltr'><strong>mus</strong></span> <span class='ocrx_word' id='word_1_107' title='bbox 260 1903 326 1976; x_wconf 81' lang='lat' dir='ltr'><strong>surr</strong></span> <span class='ocrx_word' id='word_1_108' title='bbox 351 1902 461 1975; x_wconf 82' lang='lat' dir='ltr'><strong>lertur</strong></span> <span class='ocrx_word' id='word_1_109' title='bbox 485 1904 630 2000; x_wconf 78' lang='lat' dir='ltr'><strong>jussrlle,</strong></span> <span class='ocrx_word' id='word_1_110' title='bbox 656 1928 694 1981; x_wconf 91' lang='lat' dir='ltr'><strong>ut</strong></span> <span class='ocrx_word' id='word_1_111' title='bbox 720 1929 861 1995; x_wconf 79' lang='lat' dir='ltr'><strong>ornnes,</strong></span> <span class='ocrx_word' id='word_1_112' title='bbox 886 1902 1047 1999; x_wconf 83' lang='lat' dir='ltr'><strong>religioni</strong></span> <span class='ocrx_word' id='word_1_113' title='bbox 1071 1904 1281 1981; x_wconf 82' lang='lat' dir='ltr'><strong>Hullitarurn</strong></span> <span class='ocrx_word' id='word_1_114' title='bbox 1306 1914 1366 1986; x_wconf 86' lang='lat' dir='ltr'><strong>ad·</strong></span> 
     </span>
     <span class='ocr_line' id='line_1_15' title="bbox 157 1998 1364 2099; baseline 0.005 -27"><span class='ocrx_word' id='word_1_115' title='bbox 157 1998 360 2086; x_wconf 73' lang='lat' dir='ltr'><strong>versantes,</strong></span> <span class='ocrx_word' id='word_1_116' title='bbox 385 1998 478 2071; x_wconf 81' lang='lat' dir='ltr'><strong>ferro</strong></span> <span class='ocrx_word' id='word_1_117' title='bbox 500 2000 714 2099; x_wconf 80' lang='lat' dir='ltr'><strong>flammisque</strong></span> <span class='ocrx_word' id='word_1_118' title='bbox 735 2000 1031 2095; x_wconf 84' lang='lat' dir='ltr'><strong>persequerentur.</strong></span> <span class='ocrx_word' id='word_1_119' title='bbox 1081 2001 1158 2094; x_wconf 89' lang='lat' dir='ltr'><strong>lpse</strong></span> <span class='ocrx_word' id='word_1_120' title='bbox 1178 2023 1282 2093; x_wconf 88' lang='lat' dir='ltr'><strong>vero,</strong></span> <span class='ocrx_word' id='word_1_121' title='bbox 1308 2026 1364 2078; x_wconf 88' lang='lat' dir='ltr'><strong>et·</strong></span> 
     </span>
     <span class='ocr_line' id='line_1_16' title="bbox 154 2092 1361 2189; baseline 0.006 -21"><span class='ocrx_word' id='word_1_122' title='bbox 154 2092 458 2168; x_wconf 87' lang='lat' dir='ltr'><strong>srTaborirarutn</strong></span> <span class='ocrx_word' id='word_1_123' title='bbox 490 2117 606 2189; x_wconf 81' lang='lat' dir='ltr'><strong>parter</strong></span> <span class='ocrx_word' id='word_1_124' title='bbox 638 2119 762 2171; x_wconf 88' lang='lat' dir='ltr'><strong>contra</strong></span> <span class='ocrx_word' id='word_1_125' title='bbox 794 2096 980 2189; x_wconf 84' lang='lat' dir='ltr'><strong>Pragenles</strong></span> <span class='ocrx_word' id='word_1_126' title='bbox 1003 2093 1112 2167; x_wconf 85' lang='lat' dir='ltr'><strong>fuerit</strong></span> <span class='ocrx_word' id='word_1_127' title='bbox 1137 2095 1264 2184; x_wconf 90' lang='lat' dir='ltr'><strong>tuitus,</strong></span> <span class='ocrx_word' id='word_1_128' title='bbox 1298 2103 1361 2175; x_wconf 79' lang='lat' dir='ltr'><strong>Cu·</strong></span> 
     </span>
     <span class='ocr_line' id='line_1_17' title="bbox 156 2182 1363 2290; baseline 0.004 -26"><span class='ocrx_word' id='word_1_129' title='bbox 156 2182 306 2264; x_wconf 77' lang='lat' dir='ltr'><strong>lixtinus</strong></span> <span class='ocrx_word' id='word_1_130' title='bbox 329 2189 448 2285; x_wconf 87' lang='lat' dir='ltr'><strong>potius</strong></span> <span class='ocrx_word' id='word_1_131' title='bbox 472 2191 560 2281; x_wconf 86' lang='lat' dir='ltr'><strong>luit,</strong></span> <span class='ocrx_word' id='word_1_132' title='bbox 584 2216 684 2290; x_wconf 86' lang='lat' dir='ltr'><strong>quarn</strong></span> <span class='ocrx_word' id='word_1_133' title='bbox 701 2191 1105 2276; x_wconf 66' lang='lat' dir='ltr'><strong>wallensis-Taberna,</strong></span> <span class='ocrx_word' id='word_1_134' title='bbox 1130 2207 1169 2262; x_wconf 88' lang='lat' dir='ltr'><strong>ut</strong></span> <span class='ocrx_word' id='word_1_135' title='bbox 1185 2213 1229 2264; x_wconf 83' lang='lat' dir='ltr'><strong>ex</strong></span> <span class='ocrx_word' id='word_1_136' title='bbox 1248 2195 1363 2269; x_wconf 86' lang='lat' dir='ltr'><strong>Picar-¹</strong></span> 
     </span>
     <span class='ocr_line' id='line_1_18' title="bbox 153 2285 1362 2386; baseline 0.003 -25"><span class='ocrx_word' id='word_1_137' title='bbox 153 2287 305 2375; x_wconf 87' lang='lat' dir='ltr'><strong>dorum,</strong></span> <span class='ocrx_word' id='word_1_138' title='bbox 330 2306 475 2379; x_wconf 88' lang='lat' dir='ltr'><strong>quorum</strong></span> <span class='ocrx_word' id='word_1_139' title='bbox 500 2288 621 2385; x_wconf 75' lang='lat' dir='ltr'><strong>ingena</strong></span> <span class='ocrx_word' id='word_1_140' title='bbox 649 2309 723 2361; x_wconf 88' lang='lat' dir='ltr'><strong>erat</strong></span> <span class='ocrx_word' id='word_1_141' title='bbox 746 2289 875 2383; x_wconf 89' lang='lat' dir='ltr'><strong>Pragae</strong></span> <span class='ocrx_word' id='word_1_142' title='bbox 892 2304 1073 2374; x_wconf 77' lang='lat' dir='ltr'><strong>numeror,</strong></span> <span class='ocrx_word' id='word_1_143' title='bbox 1095 2285 1362 2386; x_wconf 88' lang='lat' dir='ltr'><strong>persecutione,</strong></span> 
     </span>
     <span class='ocr_line' id='line_1_19' title="bbox 146 2380 508 2473; baseline -0.003 -17"><span class='ocrx_word' id='word_1_144' title='bbox 146 2402 191 2456; x_wconf 83' lang='lat' dir='ltr'><strong>et</strong></span> <span class='ocrx_word' id='word_1_145' title='bbox 216 2380 372 2468; x_wconf 82' lang='lat' dir='ltr'><strong>aliunde,</strong></span> <span class='ocrx_word' id='word_1_146' title='bbox 401 2400 508 2473; x_wconf 86' lang='lat' dir='ltr'><strong>patet.</strong></span> 
     </span>
    </p>

    <p class='ocr_par' dir='ltr' id='par_1_3' title="bbox 135 2472 1362 4018">
     <span class='ocr_line' id='line_1_20' title="bbox 197 2472 1362 2573; baseline 0.009 -22"><span class='ocrx_word' id='word_1_147' title='bbox 197 2473 229 2573; x_wconf 65' lang='lat'><strong>5.</strong></span> <span class='ocrx_word' id='word_1_148' title='bbox 252 2472 540 2551; x_wconf 72' lang='lat' dir='ltr'><strong>cccctxxrv,</strong></span> <span class='ocrx_word' id='word_1_149' title='bbox 574 2474 654 2551; x_wconf 87' lang='lat' dir='ltr'><strong>Post</strong></span> <span class='ocrx_word' id='word_1_150' title='bbox 685 2493 833 2551; x_wconf 88' lang='lat' dir='ltr'><strong>mortem</strong></span> <span class='ocrx_word' id='word_1_151' title='bbox 864 2473 993 2550; x_wconf 86' lang='lat' dir='ltr'><strong>Zizkae</strong></span> <span class='ocrx_word' id='word_1_152' title='bbox 1025 2472 1123 2549; x_wconf 87' lang='lat' dir='ltr'><strong>divili</strong></span> <span class='ocrx_word' id='word_1_153' title='bbox 1156 2475 1295 2556; x_wconf 83' lang='lat' dir='ltr'><strong>fuerunt</strong></span> <span class='ocrx_word' id='word_1_154' title='bbox 1323 2482 1362 2563; x_wconf 88' lang='lat' dir='ltr'><strong>in</strong></span> 
     </span>
     <span class='ocr_line' id='line_1_21' title="bbox 149 2571 1361 2671; baseline 0.007 -23"><span class='ocrx_word' id='word_1_155' title='bbox 149 2574 266 2648; x_wconf 77' lang='lat' dir='ltr'><strong>variar</strong></span> <span class='ocrx_word' id='word_1_156' title='bbox 291 2591 428 2645; x_wconf 82' lang='lat' dir='ltr'><strong>turmas.</strong></span> <span class='ocrx_word' id='word_1_157' title='bbox 483 2571 658 2646; x_wconf 76' lang='lat' dir='ltr'><strong>Toboritoe</strong></span> <span class='ocrx_word' id='word_1_158' title='bbox 683 2575 786 2671; x_wconf 88' lang='lat' dir='ltr'><strong>longe</strong></span> <span class='ocrx_word' id='word_1_159' title='bbox 814 2571 999 2647; x_wconf 84' lang='lat' dir='ltr'><strong>maximam</strong></span> <span class='ocrx_word' id='word_1_160' title='bbox 1022 2590 1156 2667; x_wconf 85' lang='lat' dir='ltr'><strong>partem</strong></span> <span class='ocrx_word' id='word_1_161' title='bbox 1182 2578 1361 2671; x_wconf 85' lang='lat' dir='ltr'><strong>elegerunt</strong></span> 
     </span>
     <span class='ocr_line' id='line_1_22' title="bbox 142 2662 1358 2766; baseline 0.007 -26"><span class='ocrx_word' id='word_1_162' title='bbox 142 2662 294 2758; x_wconf 78' lang='lat' dir='ltr'><strong>¹Duceni</strong></span> <span class='ocrx_word' id='word_1_163' title='bbox 319 2667 525 2761; x_wconf 82' lang='lat' dir='ltr'><strong>Procopium,</strong></span> <span class='ocrx_word' id='word_1_164' title='bbox 550 2691 570 2739; x_wconf 84' lang='lat' dir='ltr'><strong>a</strong></span> <span class='ocrx_word' id='word_1_165' title='bbox 592 2673 692 2753; x_wconf 83' lang='lat' dir='ltr'><strong>rebua</strong></span> <span class='ocrx_word' id='word_1_166' title='bbox 715 2667 817 2766; x_wconf 81' lang='lat' dir='ltr'><strong>gestit</strong></span> <span class='ocrx_word' id='word_1_167' title='bbox 832 2671 1017 2765; x_wconf 83' lang='lat' dir='ltr'><strong>Magnum,</strong></span> <span class='ocrx_word' id='word_1_168' title='bbox 1041 2684 1119 2741; x_wconf 83' lang='lat' dir='ltr'><strong>eta</strong></span> <span class='ocrx_word' id='word_1_169' title='bbox 1144 2668 1283 2747; x_wconf 85' lang='lat' dir='ltr'><strong>tonsura</strong></span> <span class='ocrx_word' id='word_1_170' title='bbox 1309 2676 1358 2749; x_wconf 87' lang='lat' dir='ltr'><strong>sa·</strong></span> 
     </span>
     <span class='ocr_line' id='line_1_23' title="bbox 149 2760 1356 2862; baseline 0.002 -25"><span class='ocrx_word' id='word_1_171' title='bbox 149 2761 337 2856; x_wconf 81' lang='lat' dir='ltr'><strong>cerdotali,</strong></span> <span class='ocrx_word' id='word_1_172' title='bbox 379 2786 446 2860; x_wconf 85' lang='lat' dir='ltr'><strong>qua</strong></span> <span class='ocrx_word' id='word_1_173' title='bbox 484 2765 670 2838; x_wconf 76' lang='lat' dir='ltr'><strong>avunculos</strong></span> <span class='ocrx_word' id='word_1_174' title='bbox 702 2768 776 2860; x_wconf 74' lang='lat' dir='ltr'><strong>ejus</strong></span> <span class='ocrx_word' id='word_1_175' title='bbox 812 2760 924 2857; x_wconf 85' lang='lat' dir='ltr'><strong>ipsum</strong></span> <span class='ocrx_word' id='word_1_176' title='bbox 965 2761 1117 2835; x_wconf 87' lang='lat' dir='ltr'><strong>invitum</strong></span> <span class='ocrx_word' id='word_1_177' title='bbox 1151 2785 1356 2862; x_wconf 85' lang='lat' dir='ltr'><strong>ornaverat,</strong></span> 
     </span>
     <span class='ocr_line' id='line_1_24' title="bbox 144 2853 1357 2955; baseline -0.002 -16"><span class='ocrx_word' id='word_1_178' title='bbox 144 2859 279 2955; x_wconf 83' lang='lat' dir='ltr'><em>Rasum</em></span> <span class='ocrx_word' id='word_1_179' title='bbox 301 2857 453 2945; x_wconf 73' lang='lat' dir='ltr'><strong>didlurn,</strong></span> <span class='ocrx_word' id='word_1_180' title='bbox 479 2860 626 2933; x_wconf 88' lang='lat' dir='ltr'><strong>nobilem</strong></span> <span class='ocrx_word' id='word_1_181' title='bbox 650 2861 868 2946; x_wconf 88' lang='lat' dir='ltr'><strong>Bobemurn,</strong></span> <span class='ocrx_word' id='word_1_182' title='bbox 892 2854 952 2953; x_wconf 89' lang='lat' dir='ltr'><strong>qui</strong></span> <span class='ocrx_word' id='word_1_183' title='bbox 973 2853 1033 2928; x_wconf 88' lang='lat' dir='ltr'><strong>sub</strong></span> <span class='ocrx_word' id='word_1_184' title='bbox 1056 2854 1163 2930; x_wconf 83' lang='lat' dir='ltr'><strong>Zizlra</strong></span> <span class='ocrx_word' id='word_1_185' title='bbox 1184 2860 1357 2936; x_wconf 86' lang='lat' dir='ltr'><strong>militave-</strong></span> 
     </span>
     <span class='ocr_line' id='line_1_25' title="bbox 144 2949 1358 3051; baseline -0.008 -24"><span class='ocrx_word' id='word_1_186' title='bbox 144 2974 217 3032; x_wconf 81' lang='lat' dir='ltr'><strong>rat.</strong></span> <span class='ocrx_word' id='word_1_187' title='bbox 265 2953 408 3051; x_wconf 87' lang='lat' dir='ltr'><strong>Reliqui</strong></span> <span class='ocrx_word' id='word_1_188' title='bbox 442 2955 649 3044; x_wconf 77' lang='lat' dir='ltr'><strong>Tabernae,</strong></span> <span class='ocrx_word' id='word_1_189' title='bbox 689 2954 744 3025; x_wconf 87' lang='lat' dir='ltr'><strong>sed</strong></span> <span class='ocrx_word' id='word_1_190' title='bbox 780 2954 881 3049; x_wconf 86' lang='lat' dir='ltr'><strong>longe</strong></span> <span class='ocrx_word' id='word_1_191' title='bbox 909 2949 1046 3027; x_wconf 85' lang='lat' dir='ltr'><strong>minore</strong></span> <span class='ocrx_word' id='word_1_192' title='bbox 1084 2971 1249 3045; x_wconf 89' lang='lat' dir='ltr'><strong>nurnero,</strong></span> <span class='ocrx_word' id='word_1_193' title='bbox 1283 2957 1358 3032; x_wconf 85' lang='lat' dir='ltr'><strong>nul.</strong></span> 
     </span>
     <span class='ocr_line' id='line_1_26' title="bbox 144 3045 1355 3146; baseline 0.001 -20"><span class='ocrx_word' id='word_1_194' title='bbox 144 3055 223 3135; x_wconf 84' lang='lat' dir='ltr'><strong>lum</strong></span> <span class='ocrx_word' id='word_1_195' title='bbox 255 3051 440 3143; x_wconf 74' lang='lat' dir='ltr'><strong>uoluerunt</strong></span> <span class='ocrx_word' id='word_1_196' title='bbox 470 3052 625 3138; x_wconf 85' lang='lat' dir='ltr'><strong>Ducem,</strong></span> <span class='ocrx_word' id='word_1_197' title='bbox 661 3052 740 3146; x_wconf 85' lang='lat' dir='ltr'><strong>qula</strong></span> <span class='ocrx_word' id='word_1_198' title='bbox 764 3049 892 3121; x_wconf 88' lang='lat' dir='ltr'><strong>nullutn</strong></span> <span class='ocrx_word' id='word_1_199' title='bbox 919 3045 1087 3143; x_wconf 87' lang='lat' dir='ltr'><strong>putabant</strong></span> <span class='ocrx_word' id='word_1_200' title='bbox 1112 3045 1241 3124; x_wconf 84' lang='lat' dir='ltr'><strong>Zirlrae</strong></span> <span class='ocrx_word' id='word_1_201' title='bbox 1263 3049 1355 3128; x_wconf 80' lang='lat' dir='ltr'><strong>fini-</strong></span> 
     </span>
     <span class='ocr_line' id='line_1_27' title="bbox 147 3139 1354 3244; baseline 0.002 -24"><span class='ocrx_word' id='word_1_202' title='bbox 147 3151 222 3226; x_wconf 90' lang='lat' dir='ltr'><strong>lern</strong></span> <span class='ocrx_word' id='word_1_203' title='bbox 247 3143 397 3218; x_wconf 79' lang='lat' dir='ltr'><strong>inveniri</strong></span> <span class='ocrx_word' id='word_1_204' title='bbox 423 3145 539 3238; x_wconf 89' lang='lat' dir='ltr'><strong>polle,</strong></span> <span class='ocrx_word' id='word_1_205' title='bbox 564 3169 670 3242; x_wconf 86' lang='lat' dir='ltr'><strong>quare</strong></span> <span class='ocrx_word' id='word_1_206' title='bbox 696 3147 845 3240; x_wconf 82' lang='lat' dir='ltr'><strong>Orplonr&#39;</strong></span> <span class='ocrx_word' id='word_1_207' title='bbox 866 3141 945 3217; x_wconf 90' lang='lat' dir='ltr'><strong>suut</strong></span> <span class='ocrx_word' id='word_1_208' title='bbox 963 3139 1144 3236; x_wconf 86' lang='lat' dir='ltr'><strong>adpellati:</strong></span> <span class='ocrx_word' id='word_1_209' title='bbox 1171 3144 1354 3244; x_wconf 86' lang='lat' dir='ltr'><strong>elegerunt</strong></span> 
     </span>
     <span class='ocr_line' id='line_1_28' title="bbox 144 3233 1351 3339; baseline 0.007 -26"><span class='ocrx_word' id='word_1_210' title='bbox 144 3263 263 3327; x_wconf 82' lang='lat' dir='ltr'><strong>tamen</strong></span> <span class='ocrx_word' id='word_1_211' title='bbox 289 3262 436 3338; x_wconf 83' lang='lat' dir='ltr'><strong>paucos,</strong></span> <span class='ocrx_word' id='word_1_212' title='bbox 462 3264 571 3334; x_wconf 84' lang='lat' dir='ltr'><strong>penes</strong></span> <span class='ocrx_word' id='word_1_213' title='bbox 595 3264 679 3338; x_wconf 89' lang='lat' dir='ltr'><strong>quos</strong></span> <span class='ocrx_word' id='word_1_214' title='bbox 703 3241 783 3315; x_wconf 91' lang='lat' dir='ltr'><strong>belli</strong></span> <span class='ocrx_word' id='word_1_215' title='bbox 798 3240 891 3314; x_wconf 88' lang='lat' dir='ltr'><strong>foret</strong></span> <span class='ocrx_word' id='word_1_216' title='bbox 907 3233 1178 3329; x_wconf 86' lang='lat' dir='ltr'><strong>administratio,</strong></span> <span class='ocrx_word' id='word_1_217' title='bbox 1202 3263 1351 3339; x_wconf 84' lang='lat' dir='ltr'><strong>quotum</strong></span> 
     </span>
     <span class='ocr_line' id='line_1_29' title="bbox 142 3330 1350 3504; baseline 0.003 -94"><span class='ocrx_word' id='word_1_218' title='bbox 142 3340 277 3441; x_wconf 79' lang='lat' dir='ltr'><strong>primur</strong></span> <span class='ocrx_word' id='word_1_219' title='bbox 298 3336 365 3408; x_wconf 89' lang='lat' dir='ltr'><strong>fuit</strong></span> <span class='ocrx_word' id='word_1_220' title='bbox 381 3334 574 3428; x_wconf 79' lang='lat' dir='ltr'><strong>Procopius,</strong></span> <span class='ocrx_word' id='word_1_221' title='bbox 599 3339 725 3412; x_wconf 80' lang='lat' dir='ltr'><strong>Parvus</strong></span> <span class='ocrx_word' id='word_1_222' title='bbox 745 3332 1022 3504; x_wconf 60' lang='lat' dir='ltr'><strong>cognominatus.</strong></span> <span class='ocrx_word' id='word_1_223' title='bbox 1060 3330 1202 3408; x_wconf 82' lang='lat' dir='ltr'><strong>Praeter</strong></span> <span class='ocrx_word' id='word_1_224' title='bbox 1218 3336 1294 3411; x_wconf 81' lang='lat' dir='ltr'><strong>illos</strong></span> <span class='ocrx_word' id='word_1_225' title='bbox 1312 3364 1350 3414; x_wconf 88' lang='lat' dir='ltr'><strong>e·</strong></span> 
     </span>
     <span class='ocr_line' id='line_1_30' title="bbox 143 3425 1354 3517; baseline 0.001 -11"><span class='ocrx_word' id='word_1_226' title='bbox 143 3451 228 3513; x_wconf 78' lang='lat' dir='ltr'><strong>rant</strong></span> <span class='ocrx_word' id='word_1_227' title='bbox 258 3434 432 3517; x_wconf 82' lang='lat' dir='ltr'><strong>Orchiroe,</strong></span> <span class='ocrx_word' id='word_1_228' title='bbox 466 3432 533 3505; x_wconf 85' lang='lat' dir='ltr'><strong>suis</strong></span> <span class='ocrx_word' id='word_1_229' title='bbox 556 3435 658 3508; x_wconf 82' lang='lat' dir='ltr'><strong>etlam</strong></span> <span class='ocrx_word' id='word_1_230' title='bbox 692 3434 750 3504; x_wconf 88' lang='lat' dir='ltr'><strong>sub</strong></span> <span class='ocrx_word' id='word_1_231' title='bbox 821 3429 950 3504; x_wconf 86' lang='lat' dir='ltr'><strong>ucibur.</strong></span> <span class='ocrx_word' id='word_1_232' title='bbox 1002 3425 1146 3503; x_wconf 84' lang='lat' dir='ltr'><strong>Nomen</strong></span> <span class='ocrx_word' id='word_1_233' title='bbox 1176 3447 1354 3515; x_wconf 81' lang='lat' dir='ltr'><strong>traxerunt</strong></span> 
     </span>
     <span class='ocr_line' id='line_1_31' title="bbox 144 3520 1349 3624; baseline 0.002 -19"><span class='ocrx_word' id='word_1_234' title='bbox 144 3552 170 3605; x_wconf 81' lang='lat' dir='ltr'><strong>a</strong></span> <span class='ocrx_word' id='word_1_235' title='bbox 194 3520 455 3613; x_wconf 71' lang='lat' dir='ltr'><strong>monte&#39;Oreb‚</strong></span> <span class='ocrx_word' id='word_1_236' title='bbox 484 3551 594 3624; x_wconf 86' lang='lat' dir='ltr'><strong>prope</strong></span> <span class='ocrx_word' id='word_1_237' title='bbox 618 3526 810 3601; x_wconf 75' lang='lat' dir='ltr'><strong>distritlum</strong></span> <span class='ocrx_word' id='word_1_238' title='bbox 835 3521 1112 3614; x_wconf 82' lang='lat' dir='ltr'><strong>Zazluviensern,</strong></span> <span class='ocrx_word' id='word_1_239' title='bbox 1136 3546 1242 3622; x_wconf 84' lang='lat' dir='ltr'><strong>quern</strong></span> <span class='ocrx_word' id='word_1_240' title='bbox 1257 3527 1349 3608; x_wconf 85' lang='lat' dir='ltr'><strong>inse·</strong></span> 
     </span>
     <span class='ocr_line' id='line_1_32' title="bbox 137 3619 1353 3720; baseline -0.002 -17"><span class='ocrx_word' id='word_1_241' title='bbox 137 3625 296 3715; x_wconf 77' lang='lat' dir='ltr'><strong>derunt,</strong></span> <span class='ocrx_word' id='word_1_242' title='bbox 321 3645 359 3715; x_wconf 82' lang='lat' dir='ltr'><strong>et</strong></span> <span class='ocrx_word' id='word_1_243' title='bbox 381 3621 472 3715; x_wconf 87' lang='lat' dir='ltr'><strong>unde</strong></span> <span class='ocrx_word' id='word_1_244' title='bbox 495 3623 531 3710; x_wconf 90' lang='lat' dir='ltr'><strong>in</strong></span> <span class='ocrx_word' id='word_1_245' title='bbox 557 3627 633 3698; x_wconf 88' lang='lat' dir='ltr'><strong>loca</strong></span> <span class='ocrx_word' id='word_1_246' title='bbox 657 3624 774 3699; x_wconf 80' lang='lat' dir='ltr'><strong>uicina</strong></span> <span class='ocrx_word' id='word_1_247' title='bbox 799 3621 991 3708; x_wconf 88' lang='lat' dir='ltr'><strong>irruerunt,</strong></span> <span class='ocrx_word' id='word_1_248' title='bbox 1012 3619 1085 3717; x_wconf 85' lang='lat' dir='ltr'><strong>jam</strong></span> <span class='ocrx_word' id='word_1_249' title='bbox 1109 3621 1152 3696; x_wconf 85' lang='lat' dir='ltr'><strong>ab</strong></span> <span class='ocrx_word' id='word_1_250' title='bbox 1168 3643 1198 3698; x_wconf 85' lang='lat' dir='ltr'><strong>a.</strong></span> <span class='ocrx_word' id='word_1_251' title='bbox 1218 3635 1353 3720; x_wconf 82' lang='lat'><strong>1422.,‘</strong></span> 
     </span>
     <span class='ocr_line' id='line_1_33' title="bbox 135 3714 1347 3821; baseline 0.003 -26"><span class='ocrx_word' id='word_1_252' title='bbox 135 3743 255 3821; x_wconf 80' lang='lat' dir='ltr'><strong>‚qnare</strong></span> <span class='ocrx_word' id='word_1_253' title='bbox 285 3743 305 3796; x_wconf 82' lang='lat' dir='ltr'><strong>a</strong></span> <span class='ocrx_word' id='word_1_254' title='bbox 336 3717 443 3791; x_wconf 82' lang='lat' dir='ltr'><strong>Zizlra</strong></span> <span class='ocrx_word' id='word_1_255' title='bbox 465 3720 501 3792; x_wconf 91' lang='lat' dir='ltr'><strong>in</strong></span> <span class='ocrx_word' id='word_1_256' title='bbox 531 3718 643 3794; x_wconf 85' lang='lat' dir='ltr'><strong>castra.</strong></span> <span class='ocrx_word' id='word_1_257' title='bbox 664 3719 722 3794; x_wconf 86' lang='lat' dir='ltr'><strong>sua</strong></span> <span class='ocrx_word' id='word_1_258' title='bbox 746 3718 822 3792; x_wconf 85' lang='lat' dir='ltr'><strong>sunt</strong></span> <span class='ocrx_word' id='word_1_259' title='bbox 845 3714 994 3793; x_wconf 83' lang='lat' dir='ltr'><strong>admiffi:</strong></span> <span class='ocrx_word' id='word_1_260' title='bbox 1022 3733 1121 3791; x_wconf 82' lang='lat' dir='ltr'><strong>erant</strong></span> <span class='ocrx_word' id='word_1_261' title='bbox 1144 3717 1239 3795; x_wconf 84' lang='lat' dir='ltr'><strong>enirn</strong></span> <span class='ocrx_word' id='word_1_262' title='bbox 1260 3734 1347 3799; x_wconf 82' lang='lat' dir='ltr'><strong>tune</strong></span> 
     </span>
     <span class='ocr_line' id='line_1_34' title="bbox 138 3810 1347 3901; baseline -0.002 -7"><span class='ocrx_word' id='word_1_263' title='bbox 138 3838 270 3894; x_wconf 73' lang='lat' dir='ltr'><strong>manus</strong></span> <span class='ocrx_word' id='word_1_264' title='bbox 300 3813 519 3887; x_wconf 88' lang='lat' dir='ltr'><strong>rusticorum.</strong></span> <span class='ocrx_word' id='word_1_265' title='bbox 568 3817 748 3889; x_wconf 83' lang='lat' dir='ltr'><strong>Incertum</strong></span> <span class='ocrx_word' id='word_1_266' title='bbox 773 3831 889 3889; x_wconf 87' lang='lat' dir='ltr'><strong>autern</strong></span> <span class='ocrx_word' id='word_1_267' title='bbox 921 3810 992 3901; x_wconf 87' lang='lat' dir='ltr'><strong>est,</strong></span> <span class='ocrx_word' id='word_1_268' title='bbox 1021 3834 1104 3887; x_wconf 88' lang='lat' dir='ltr'><strong>nuru</strong></span> <span class='ocrx_word' id='word_1_269' title='bbox 1129 3810 1275 3889; x_wconf 78' lang='lat' dir='ltr'><strong>calbrutn</strong></span> <span class='ocrx_word' id='word_1_270' title='bbox 1300 3834 1347 3893; x_wconf 86' lang='lat' dir='ltr'><strong>eo</strong></span> 
     </span>
     <span class='ocr_line' id='line_1_35' title="bbox 145 3905 1349 4018; baseline -0.001 -31"><span class='ocrx_word' id='word_1_271' title='bbox 145 3913 293 4000; x_wconf 84' lang='lat' dir='ltr'><strong>nornine</strong></span> <span class='ocrx_word' id='word_1_272' title='bbox 311 3910 381 4018; x_wconf 73' lang='lat' dir='ltr'><strong>jan</strong></span> <span class='ocrx_word' id='word_1_273' title='bbox 409 3930 490 3984; x_wconf 89' lang='lat' dir='ltr'><strong>ante</strong></span> <span class='ocrx_word' id='word_1_274' title='bbox 512 3909 619 3983; x_wconf 86' lang='lat' dir='ltr'><strong>fuerit</strong></span> <span class='ocrx_word' id='word_1_275' title='bbox 638 3910 860 4007; x_wconf 78' lang='lat' dir='ltr'><strong>insignitum,</strong></span> <span class='ocrx_word' id='word_1_276' title='bbox 882 3933 927 3985; x_wconf 85' lang='lat' dir='ltr'><strong>an</strong></span> <span class='ocrx_word' id='word_1_277' title='bbox 948 3905 996 3982; x_wconf 93' lang='lat' dir='ltr'><strong>illi</strong></span> <span class='ocrx_word' id='word_1_278' title='bbox 1021 3931 1066 3983; x_wconf 89' lang='lat' dir='ltr'><strong>eo</strong></span> <span class='ocrx_word' id='word_1_279' title='bbox 1082 3906 1349 4006; x_wconf 77' lang='lat' dir='ltr'><strong>adpellaverint.</strong></span> 
     </span>
    </p>
   </div>
   <div class='ocr_carea' id='block_1_3' title="bbox 139 4003 1485 4204">
    <p class='ocr_par' dir='ltr' id='par_1_4' title="bbox 139 4003 1485 4204">
     <span class='ocr_line' id='line_1_36' title="bbox 139 4003 1348 4111; baseline -0.01 -20"><span class='ocrx_word' id='word_1_280' title='bbox 139 4007 434 4106; x_wconf 75' lang='lat' dir='ltr'><strong>Huffitaeentut,</strong></span> <span class='ocrx_word' id='word_1_281' title='bbox 458 4007 551 4107; x_wconf 80' lang='lat' dir='ltr'><strong>quod</strong></span> <span class='ocrx_word' id='word_1_282' title='bbox 566 4029 639 4101; x_wconf 84' lang='lat' dir='ltr'><strong>non</strong></span> <span class='ocrx_word' id='word_1_283' title='bbox 652 4004 705 4082; x_wconf 91' lang='lat' dir='ltr'><strong>est</strong></span> <span class='ocrx_word' id='word_1_284' title='bbox 718 4004 900 4087; x_wconf 83' lang='lat' dir='ltr'><strong>observatu</strong></span> <span class='ocrx_word' id='word_1_285' title='bbox 913 4005 1119 4111; x_wconf 72' lang='lat' dir='ltr'><strong>iudignum,</strong></span> <span class='ocrx_word' id='word_1_286' title='bbox 1140 4003 1348 4089; x_wconf 77' lang='lat' dir='ltr'><strong>Bobeniam</strong></span> 
     </span>
     <span class='ocr_line' id='line_1_37' title="bbox 671 4092 1485 4204; baseline -0.005 -22"><span class='ocrx_word' id='word_1_287' title='bbox 671 4092 829 4183; x_wconf 79' lang='lat' dir='ltr'><strong>Vvva</strong></span> <span class='ocrx_word' id='word_1_288' title='bbox 939 4122 946 4133; x_wconf 88' lang='lat'>·</span> <span class='ocrx_word' id='word_1_289' title='bbox 1129 4116 1132 4120; x_wconf 85' lang='grc'><strong><em>·</em></strong></span> <span class='ocrx_word' id='word_1_290' title='bbox 1222 4112 1352 4204; x_wconf 69' lang='lat' dir='ltr'><strong>tmoop‘</strong></span> <span class='ocrx_word' id='word_1_291' title='bbox 1480 4180 1485 4190; x_wconf 69' lang='grc'><em>,</em></span> 
     </span>
    </p>
   </div>
   <div class='ocr_carea' id='block_1_4' title="bbox 0 0 1516 4806">
    <p class='ocr_par' dir='ltr' id='par_1_5' title="bbox 0 0 1516 4806">
     <span class='ocr_line' id='line_1_38' title="bbox 0 0 1516 4806; baseline 0 2"><span class='ocrx_word' id='word_1_292' title='bbox 0 0 1516 4806; x_wconf 95' lang='lat' dir='ltr'><strong> </strong></span> 
     </span>
    </p>
   </div>
  </div>
 </body>
</html>
