3022 4806
639 623 745 719 tirsus.
768 619 856 696 xil.

145 803 247 893 ribus,
277 799 317 876 in
343 817 554 898 perpetuum
579 798 873 878 renunciantibus.
923 794 1027 900 Quod
1049 792 1158 890 ipsum
1176 797 1351 890 juramen·

107 926 115 938 ·
144 918 229 989 tum,
259 917 298 969 ut
322 919 342 970 a
367 898 617 972 successoribus
641 901 677 970 in
701 896 861 994 superio,
886 920 923 971 et
951 895 1110 967 omnibus
1143 893 1350 991 Episcopts,

137 995 384 1165 praestaretur,
418 991 578 1067 statutum
605 992 674 1068 esl:
708 1016 746 1068 ut
779 993 875 1068 idem
909 1012 1011 1066 autor
1048 990 1163 1067 tradit.
1216 995 1354 1067 lut-,rea

169 1113 292 1162 ornam.
316 1089 417 1161 rediit
455 1091 674 1178 Alexander,
708 1116 728 1164 a
762 1090 955 1173 Romanis,
999 1086 1232 1161 molestiarum
1270 1112 1350 1183 pcr-

140 1185 252 1272 tresis,
280 1206 422 1258 mortuo
441 1185 617 1273 Vislore,
641 1207 827 1259 revocatus
845 1209 875 1260 a.
902 1192 1028 1273 1165,
1055 1203 1090 1254 et
1110 1182 1255 1278 ingente
1273 1206 1354 1258 cum
1477 1186 1480 1192 “

139 1282 271 1356 laetitia
300 1302 340 1352 ac
367 1303 499 1376 pompa
530 1281 707 1375 susceptus
739 1280 811 1354 est:
843 1304 881 1355 ut
914 1282 987 1375 ejus
1018 1278 1094 1352 acta
1130 1279 1281 1363 habent,
1316 1302 1355 1354 et

137 1375 234 1473 epist.
259 1375 303 1447 ad
325 1375 523 1449 Henricum
550 1377 760 1474 Episcopum
787 1376 1048 1462 Rhemeusem,
1072 1374 1110 1448 in
1139 1375 1241 1447 tomis
1260 1379 1355 1450 Con·

138 1476 189 1546 cil.
243 1471 329 1545 Nec
355 1491 471 1545 tamen
497 1472 677 1546 diuturnas
700 1473 746 1546 ibi
780 1472 920 1545 trahere
944 1471 1061 1568 potuit
1087 1493 1211 1545 moras.
1250 1474 1356 1567 lnpe·

136 1589 228 1643 rator
252 1566 364 1655 enim,
390 1588 574 1656 metuens,
608 1593 655 1642 ne
672 1567 793 1642 ltaliae
812 1591 961 1664 regnum
986 1567 1171 1662 perderet,
1195 1566 1230 1640 in
1257 1571 1352 1641 ltali-

138 1687 188 1738 am
222 1662 376 1758 suscepit
408 1687 439 1737 a.
475 1670 581 1738 1166.
616 1666 903 1759 expeditionem,
937 1683 992 1750 et,
1039 1663 1162 1735 habito
1196 1663 1353 1758 generali

140 1780 317 1833 conventu
339 1761 430 1853 apud
455 1758 686 1848 Roncaliam,
711 1761 748 1833 in
775 1783 864 1856 quo,
892 1781 929 1832 ut
954 1755 1122 1832 Pascltalis
1139 1759 1351 1833 defendere·

141 1872 210 1946 tur,
229 1854 428 1928 Alexander
443 1853 708 1944 deturbaretur,
733 1856 910 1929 decretum
930 1852 1001 1944 est,
1030 1855 1178 1926 Romam
1195 1878 1226 1927 a.
1243 1865 1348 1949 1167.

139 1952 246 2026 venit.
295 1946 409 2023 Addit
433 1950 591 2024 Acerbus
618 1953 789 2039 Murena,
815 1952 871 2047 qui
898 1950 982 2024 illud
1011 1948 1134 2038 tradit,
1161 1951 1350 2043 snperato·

141 2069 210 2121 tem
236 2070 257 2120 a
280 2042 453 2133 Paschali,
488 2043 547 2215 pus
572 2046 732 2121 Viterbii
758 2050 974 2133 morabatur,
1007 2045 1108 2120 suille
1141 2066 1351 2138 evocatum,

138 2163 174 2216 ut
197 2161 419 2238 quantocyus
437 2140 474 2213 in
505 2144 571 2216 ede
586 2143 824 2216 collocaretur.
876 2143 1051 2227 Romani,
1077 2143 1118 2212 ab
1147 2141 1352 2234 lnperntnte

141 2239 317 2314 obsidione
346 2235 472 2331 pressi,
506 2261 586 2310 eum
620 2257 857 2333 acceperunt,
890 2236 1035 2310 foedere
1070 2256 1208 2329 quoque
1244 2238 1351 2333 passo

142 2333 313 2432 polliciti,
347 2333 383 2440 se
406 2331 624 2424 Paschalem,
657 2334 758 2408 misso
783 2332 1001 2421 Alexandro,
1034 2351 1240 2428 recepturos
1265 2335 1346 2410 else.

141 2429 338 2505 Alexander
361 2444 490 2501 interea
523 2428 605 2522 fuga
628 2429 760 2525 elapsus
787 2427 838 2502 est
862 2432 1126 2516 Beneventum,
1166 2425 1350 2525 postquam

140 2528 378 2625 Inpemtorem
401 2521 439 2596 in
465 2524 620 2598 concilio
642 2525 862 2612 Lateranensr
896 2525 1012 2598 denuo
1048 2526 1350 2600 excommunicas·

138 2624 201 2713 set,
228 2641 267 2695 et
288 2620 461 2694 sententia
484 2621 549 2694 lata
574 2619 740 2715 privasset
763 2620 919 2716 inperio.
968 2618 1139 2715 Habitum
1165 2617 1245 2692 illud
1263 2645 1349 2697 con·

140 2720 252 2794 cilium
270 2715 341 2790 esse
357 2736 387 2788 a.
408 2724 513 2791 1160.
537 2738 581 2789 ex
597 2718 758 2813 Jobanne
775 2716 1052 2801 saresberiense,
1080 2732 1117 2785 et
1135 2713 1228 2799 aliis,
1262 2741 1345 2808 pro·

138 2819 231 2893 bavit
257 2809 343 2907 Pagi
367 2810 409 2885 ad
434 2814 556 2886 Baton.
607 2815 676 2886 Sed
704 2816 905 2907 Imperator,
930 2809 1124 2908 pestilentia
1149 2814 1345 2890 exercitum

138 2914 359 2998 absumente,
384 2905 484 2981 brevi
509 2906 647 2982 coaslus
672 2907 723 2983 est
748 2907 946 2997 discedere,
971 2931 1000 2980 a.
1031 2913 1155 2993 1168.‚
1182 2929 1249 2979 nec
1273 2907 1346 2982 fine

138 3001 350 3105 ignominia,
376 3027 396 3075 a
422 3005 649 3091 Lombardis,
682 3005 825 3078 foedere
853 3025 976 3077 contra
1000 3001 1109 3091 ipsum
1138 3001 1247 3092 inito,
1282 3029 1346 3080 ex·

139 3102 250 3201 pulsus
272 3122 318 3173 ex
344 3097 502 3174 universa
528 3101 795 3196 Langobardia,
828 3099 977 3174 Paschali
1004 3098 1205 3172 Vitetbium
1225 3101 1345 3175 remis·

137 3200 182 3276 so.
234 3194 324 3271 Vid.
348 3196 520 3284 Murena,
556 3216 592 3270 et
616 3197 747 3273 Chron.
773 3196 1041 3288 Reicltersperg.
1080 3194 1230 3269 Paschali
1265 3196 1345 3272 dein

136 3297 257 3371 eodem
285 3313 379 3364 anno
402 3289 587 3378 defund‘lo,
621 3314 657 3365 ut
681 3293 858 3387 Johaunes
881 3293 924 3364 de
943 3293 1102 3364 Ceccano
1128 3290 1164 3362 in
1190 3291 1344 3383 Chron.,

136 3393 264 3483 etalii,
290 3384 482 3478 testantur,
505 3387 703 3463 substitutus
720 3387 771 3460 est
787 3390 905 3462 Abbas
924 3384 1162 3476 Strumiensts,
1197 3385 1255 3460 sub
1279 3397 1357 3461 no?

138 3489 229 3569 ruine
258 3483 388 3576 Callisti
414 3482 498 3572 111„
530 3505 565 3556 et
591 3486 645 3559 ab.
666 3487 867 3578 inperatore
897 3484 1118 3578 adprobatus.
1171 3483 1249 3556 Pars
1280 3509 1341 3560 att·

138 3601 203 3660 tent
237 3578 432 3658 Alexandri
475 3600 568 3651 nova
608 3581 751 3673 accepit
791 3581 1018 3654 incrementa.
1071 3578 1206 3673 Populo
1247 3581 1344 3658 enim

139 3681 336 3757 Tusculano
358 3672 401 3746 ad
425 3673 679 3771 proprietatem
701 3674 875 3750 Ecclesiae
899 3692 1046 3766 recepto
1079 3695 1110 3746 a.
1147 3697 1272 3765 1170.,
1306 3697 1346 3753 ut

138 3779 208 3854 asia
231 3769 423 3852 Alexandri
441 3770 599 3860 tradunt,
625 3792 663 3844 et
685 3771 896 3869 Anonymus
915 3767 1123 3843 Calstnensis
1138 3771 1345 3862 confirmat,

140 3875 284 3949 Romam
320 3869 441 3944 denuo
473 3890 527 3940 ma
556 3889 603 3941 no
636 3891 716 3943 cum
743 3867 877 3941 honore
900 3865 1047 3940 intravit
1080 3888 1110 3936 a.
1142 3887 1271 3958 1172,
1307 3887 1347 3940 et

141 3989 295 4066 receptus
321 3960 397 4048 est,
431 3977 471 4035 ut
493 3891 567 4052 ipse
592 3982 706 4037 narrat
729 3959 767 4036 in
792 3961 895 4065 epist.
919 3964 960 4039 ad
996 3958 1204 4037 Gradensem
1237 3961 1346 4037 Patri·
1372 4059 1375 4063 ¹

142 4065 268 4157 atham
292 4080 334 4142 et
356 4058 556 4158 Episcopus
578 4058 774 4153 Matthiae.
1360 4127 1364 4137 .

704 4156 779 4250 La
1137 4148 1170 4248 s.
1195 4149 1346 4232 LXXV.
