3022 4806
1270 448 1277 455 ι

139 617 184 688 13
523 606 669 708 Historia
694 607 821 708 Eccles.
848 609 960 708 Christ.
1050 625 1055 636 ¹

156 785 198 860 ad
225 785 350 859 calcem
374 782 540 861 librorum
573 787 823 863 sententiarum
855 787 997 884 adjungi
1030 786 1160 873 solent,
1193 803 1273 854 curn
1307 778 1378 854 hoc

158 882 287 970 titulo,
321 881 454 953 articuli
486 887 520 957 in
553 891 666 979 quihus
707 883 860 981 magister
890 885 1130 977 sententiarum
1169 884 1379 952 communiter

157 1000 222 1050 non
255 995 393 1050 terretur.
446 980 684 1054 Protestantes
714 1003 854 1077 quoque
887 982 984 1075 plura
1016 979 1106 1074 apud
1142 974 1375 1046 Lotnbnrdurn

153 1073 309 1148 inveniri
343 1069 494 1165 saniora,
527 1098 562 1148 et
596 1075 787 1150 Pontificiis
818 1077 976 1163 adversa,
1010 1074 1247 1156 contendunt,
1282 1069 1371 1162 apud

153 1171 321 1244 Flaccum
347 1169 459 1264 lllyr.,
484 1171 680 1263 Ullerium,
714 1171 939 1264 Forbefium,
978 1193 1015 1246 et
1040 1173 1121 1245 alios
1148 1167 1262 1240 obvia.
1314 1166 1374 1237 De

151 1262 384 1340 conversione
410 1266 510 1360 panis
532 1266 568 1340 in
603 1289 733 1365 corpus
764 1263 915 1356 Christi,
948 1285 987 1339 ut
1019 1290 1126 1339 unum
1158 1263 1225 1334 hoc
1255 1259 1373 1354 profe·

156 1383 252 1449 ram,
277 1357 384 1448 dixit,
411 1385 487 1435 num
502 1359 740 1459 substantialis
755 1360 828 1457 fir,
857 1385 901 1435 an
922 1365 1055 1436 alterius
1071 1364 1217 1457 generis,
1241 1357 1375 1451 definire

151 1479 211 1530 non
236 1449 376 1548 sufficio.
425 1458 510 1530 Illud
542 1460 654 1534 adhuc
684 1459 800 1535 notari
825 1474 999 1547 meretur,
1041 1459 1168 1531 eodem
1194 1474 1374 1546 tempore,

152 1576 228 1648 quo
244 1550 460 1625 Lombardus
476 1574 638 1631 veterum
661 1555 799 1632 Parrum
823 1554 1012 1629 sententias
1027 1551 1190 1651 collegit,
1208 1571 1245 1620 et
1262 1549 1373 1619 Scho·
1392 1588 1395 1594 ·

149 1645 346 1721 lallicorum
372 1647 544 1743 Magister
568 1651 752 1748 adpellatus
776 1649 851 1740 est,
894 1650 1098 1724 Gratianum
1133 1650 1245 1720 sacros
1268 1664 1371 1714 cano·

152 1764 220 1815 nes
244 1742 279 1815 in
307 1765 412 1815 unum
438 1769 564 1840 corpus
589 1743 782 1843 redegisse,
804 1766 842 1820 et
866 1743 1127 1821 Canonistarurn
1153 1739 1282 1814 faunus
1301 1739 1371 1811 else

150 1838 377 1935 Magistrum.
429 1840 485 1911 De
509 1864 578 1939 quo
602 1839 730 1934 postea.

199 1933 231 2032 l.
259 1935 342 2008 XV.
366 1933 531 2009 Robrrtus
546 1937 684 2027 Pullus,
709 1936 866 2034 Anglus,
891 1934 1012 2012 studiis
1033 1932 1195 2010 absolutis
1213 1929 1366 2021 Parisiis,

148 2030 185 2103 in
215 2029 380 2126 Angliatn
399 2030 528 2120 redux,
553 2031 604 2106 ibi
625 2035 813 2127 Scripturas
829 2034 978 2121 diuinas,
1005 2057 1083 2126 quar
1103 2054 1160 2128 prr
1184 2032 1263 2101 idun
1286 2044 1367 2099 tem·

108 2138 110 2142 “
146 2145 210 2223 pur
236 2129 269 2197 in
293 2127 419 2219 Anglia
443 2126 664 2224 obsoluerant,
694 2149 774 2224 prae
798 2128 1007 2224 Scholasticis
1041 2132 1153 2222 quippe
1184 2125 1366 2218 neglectae,

147 2227 379 2317 interpretatus
404 2223 450 2313 eli
479 2246 536 2319 per
574 2228 839 2321 quinquennium,
878 2226 988 2298 clarus
1030 2227 1122 2296 circa
1153 2244 1208 2293 an.
1240 2244 1365 2309 ¹¹44.

145 2334 184 2392 ut
209 2317 315 2412 Angli
342 2316 528 2410 scriptores
550 2319 729 2392 testantur.
781 2319 929 2417 Quando
952 2321 1102 2401 Romam
1129 2323 1171 2390 ab
1196 2318 1370 2387 lonocen·

145 2413 198 2486 tio
224 2413 268 2485 Il.
294 2430 482 2501 evocatus,
509 2431 546 2484 et
568 2413 792 2487 asuccellore
815 2414 890 2487 e'us
912 2413 1109 2487 Coelestino
1133 2414 1179 2485 ll.
1204 2408 1369 2484 Cardina·

141 2506 186 2582 lis
209 2505 318 2579 tatius
339 2502 408 2595 est,
434 2504 518 2579 dein
542 2507 768 2582 Cancellarius
790 2531 809 2580 a
832 2438 948 2583 hucin
973 2512 1039 2598 ll,
1066 2533 1135 2605 quo
1159 2530 1302 2580 munere
1328 2509 1364 2580 in

143 2601 251 2678 initiis
278 2598 432 2694 Eugenii
457 2603 519 2675 lll.
545 2602 658 2675 adhuc
681 2602 823 2678 sunslus
842 2603 905 2681 cst.
955 2603 1097 2699 Scripsit
1124 2606 1364 2677 Sententiarum

142 2697 187 2772 de
213 2696 391 2770 Trinitate
413 2696 520 2770 libros
549 2697 654 2789 osio,
693 2722 780 2794 quos
816 2721 882 2773 una
913 2723 991 2775 curn
1016 2703 1120 2774 Petro
1145 2699 1363 2772 Pislaviense

142 2791 257 2869 edidit
282 2793 393 2888 Hugo
428 2791 603 2867 Mathout
634 2793 889 2870 Benedidlinus.
942 2798 984 2870 ln
1017 2821 1086 2894 quo
1111 2797 1198 2869 libro
1234 2795 1360 2868 tratlat

143 2910 177 2966 1.
202 2887 248 2966 de
271 2888 353 2962 Deo
368 2905 416 2962 et
441 2887 620 2963 Trinitate
654 2913 688 2966 u.
707 2890 753 2965 de
780 2892 966 2983 creatore,
1001 2892 1168 2987 Angelis,
1195 2892 1360 2981 homine,

141 3000 180 3060 et
205 2985 280 3079 ejus
301 2982 396 3078 lapsu
422 3007 455 3077 3.
481 2983 526 3057 de
550 2986 650 3084 lege,
675 2986 961 3079 circumcisione,
989 2992 1118 3083 gratia,
1145 3008 1182 3060 et
1206 2989 1360 3060 incarna-

138 3078 258 3168 tione,
282 3100 317 3170 4.
343 3076 388 3151 de
409 3078 499 3172 fide,
524 3079 604 3175 spe,
631 3100 666 3156 et
685 3082 877 3172 charitate,
903 3084 945 3156 de
968 3083 1190 3250 purgatorio,
1215 3101 1249 3153 et
1271 3080 1359 3156 statu

138 3175 325 3252 animarum
350 3171 428 3268 post
454 3178 602 3252 mortem
629 3200 665 3269 5.
692 3175 736 3251 de
760 3178 1007 3253 resurreetione
1063 3178 1180 3268 bristi,
1205 3178 1248 3250 dc
1273 3180 1357 3273 bap·

133 3271 265 3361 tisino,
288 3269 578 3363 confirmatione,
607 3294 645 3346 et
661 3274 857 3349 remissione
875 3295 1100 3370 peccatorum
1126 3282 1158 3349 6.
1183 3275 1227 3346 de
1250 3272 1360 3348 effec-

137 3367 182 3444 tis
205 3365 365 3466 peccati,
408 3366 675 3458 tentationibus,
716 3371 939 3466 poenitentia
963 3392 1034 3444 etc.
1067 3393 1100 3463 7.
1127 3370 1170 3443 de
1196 3368 1361 3465 operibus

134 3460 398 3566 poenitentiae,
415 3462 595 3537 ordinibus
617 3464 742 3556 sacris,
760 3488 795 3537 et
816 3466 984 3563 conjugio
1011 3476 1042 3546 8.
1070 3467 1114 3538 de
1129 3462 1354 3556 eucharistia,

136 3558 242 3637 etde
267 3555 470 3633 noviffimis.
517 3557 682 3633 Abstinet
709 3579 745 3634 et
770 3562 844 3658 ipse
861 3586 879 3634 a
898 3562 1151 3658 quaestionibus
1171 3581 1264 3635 meta
1292 3561 1359 3660 hy·

133 3654 231 3744 licis,
254 3671 291 3726 et
311 3675 356 3728 ex
382 3653 563 3751 Scriptura
584 3679 627 3730 ac
651 3656 825 3746 Patribus,
862 3681 931 3731 non
956 3680 1002 3732 ex
1036 3658 1151 3754 logica
1176 3677 1214 3731 et
1237 3586 1356 3733 Pliilo·

133 3750 279 3849 sophia,
305 3747 540 3824 ratiocinatur.
575 3752 759 3843 Ceterum,
785 3752 845 3826 etsr
863 3754 922 3828 hic
945 3775 1029 3828 unus
1045 3752 1361 3845 scholasticorum,

134 3848 195 3953 qui
222 3847 337 3941 minus
361 3845 558 3942 periculose
584 3867 809 3940 erraverunt,
835 3848 1021 3936 habeatur,
1046 3855 1088 3925 ab
1116 3851 1212 3924 omni
1236 3872 1355 3924 errore

131 3969 205 4023 non
223 3943 292 4019 suit
309 3941 457 4016 censitus
472 3941 629 4017 inmunis
646 3967 700 4018 ex.
714 3967 771 4054 gr.
800 3946 893 4042 quod
909 3947 1055 4036 dixerit,
1080 3949 1217 4021 Patrem
1236 3967 1273 4020 et
1295 3945 1353 4021 Fi·

127 4043 220 4135 lium
243 4040 312 4123 effe
337 4039 408 4117 duo
433 4036 608 4139 principia
630 4038 781 4138 Spiritus
807 4045 841 4119 S.
854 4098 865 4137 ,
896 4040 1141 4140 poenitentiae
1165 4044 1355 4120 sacramen·

124 4160 131 4173 “
747 4156 751 4163 '
1287 4157 1363 4216 tum
