3022 4806
107 605 201 713 x236
534 587 680 687 Hisioria
702 590 832 687 Eccles.
857 588 972 689 Cirrisi.

128 798 266 877 porum,
311 766 471 867 restitutio
504 767 711 860 depofitorum
743 773 786 842 ai
818 771 943 858 ordine,
979 766 1140 861 judicalis
1170 772 1338 866 definitio,

129 894 271 949 mutatio
286 865 379 963 sedis
404 864 626 960 Episcopatus,
651 862 839 958 constituere
853 866 964 959 sociem
989 864 1207 958 Episcopalem
1228 871 1265 939 de
1283 893 1338 939 no·

134 994 192 1057 oo,
227 966 395 1062 subjicere
429 984 526 1032 unum
563 957 752 1052 Episcopum
776 961 891 1049 alteri,
930 963 1008 1033 duos
1032 967 1145 1049 unito,
1176 978 1208 1033 et
1242 987 1340 1034 unum

131 1064 275 1138 diuidere
295 1066 328 1128 m
343 1060 441 1143 duos,
466 1058 669 1128 commutatio
688 1058 774 1138 noti,
797 1059 895 1145 item,
919 1074 955 1128 ut
979 1077 1071 1149 quem
1086 1058 1210 1130 nimiae
1227 1075 1340 1132 contra

129 1165 351 1260 juramentum
378 1153 547 1237 illicitum,
570 1153 621 1222 rel
641 1151 680 1222 de
704 1173 761 1244 quo
792 1152 1025 1227 dubitaturum
1039 1147 1088 1241 stt
1106 1152 1251 1224 licitum:
1277 1152 1343 1249 dis·

133 1255 280 1352 pensatio
302 1253 398 1318 etiarn
422 1248 456 1315 in
489 1249 665 1340 majoribus
698 1248 907 1334 criminibus3
940 1247 1194 1340 consecetudinem
1225 1249 1341 1322 Eccle-

128 1348 201 1445 fiae
226 1351 315 1420 eirca
339 1345 496 1434 regionem
518 1362 691 1414 removere:
726 1339 865 1436 quaestio
888 1344 983 1434 silei,
1016 1345 1190 1414 celebratio
1215 1348 1342 1417 concilii

133 1442 319 1542 generalis,
345 1438 475 1509 condere
499 1437 600 1529 legem
621 1441 825 1528 generalem,
846 1443 980 1533 privare
997 1438 1165 1534 personam
1191 1439 1341 1532 Eccles-

135 1538 272 1633 asiicom
282 1536 360 1630 jure
369 1531 452 1628 suo,
478 1534 642 1605 concedere
666 1530 867 1622 Eccieſsam,
892 1535 946 1606 rei
956 1536 1190 1625 praebendam,
1217 1559 1343 1608 racan-

139 1653 217 1709 tem.
265 1633 358 1702 Solus
384 1633 546 1720 cognoscit
565 1623 780 1719 stmpliciter,
796 1625 891 1721 solur
911 1627 1016 1722 potest
1031 1632 1344 1705 excommunicatum

137 1757 160 1807 a
175 1732 217 1822 sc
242 1724 309 1822 ipso
333 1723 519 1819 absolvere,
551 1723 603 1796 nel
624 1722 722 1814 asuo
744 1722 911 1813 delegato,
935 1721 970 1813 ſs
983 1721 1115 1816 sieterit
1147 1728 1181 1796 in
1213 1747 1343 1801 excom·

138 1826 353 1900 municarione
372 1840 590 1913 perannum:
607 1818 699 1909 solus
723 1820 882 1912 cognoscit
904 1820 941 1890 de
964 1815 1069 1910 caufis
1092 1822 1137 1890 ad
1157 1842 1230 1890 cum
1255 1826 1344 1897 dela·

32 1938 35 1947 ’
138 1924 203 1996 tis:
230 1916 322 2016 solus
347 1917 471 1986 ordinat
496 1915 683 2000 diaconum,
715 1937 803 2007 quem
826 1920 918 2006 prius
941 1915 1147 1986 ordinaverat
1165 1912 1345 2009 sulrdicso·

137 2037 235 2089 muru:
253 2011 344 2108 solus
369 2011 509 2082 concedit
532 2011 685 2100 pallium,
710 2010 872 2103 dispensat
890 2033 960 2080 cum
978 2015 1124 2103 bigamo,
1148 2026 1181 2080 et
1207 2015 1345 2110 illegiti-

143 2134 192 2189 mc
216 2127 311 2196 nato,
336 2110 387 2179 rol
410 2103 567 2199 disemum
588 2105 745 2193 latens,
771 2122 806 2177 ut
829 2122 1047 2198 promoveatur
1069 2108 1102 2177 in
1127 2107 1319 2202 Episcopum
1327 2135 1345 2199 ,·

138 2212 236 2291 item,
268 2221 320 2276 ut.
338 2205 456 2276 lrabeat
492 2203 584 2295 plura
616 2200 773 2293 beneficia
806 2223 878 2273 cum
909 2224 987 2272 cura
1010 2204 1216 2274 animarum:
1247 2208 1346 2300 solut

140 2307 244 2377 utitur
266 2303 369 2390 pallia
382 2299 510 2392 semper
533 2315 563 2366 ct
583 2298 774 2387 ubicunque,
791 2293 882 2389 solus
905 2298 962 2366 dat
978 2293 1254 2389 subdiaconatum
1278 2304 1348 2372 die·

140 2400 199 2468 bur
224 2394 425 2473 Dominicis,
450 2392 500 2459 vel
512 2388 620 2480 feslo:
640 2389 731 2478 solus
755 2391 891 2482 absolvit
915 2410 1244 2482 excommunicatum,
1268 2398 1346 2494 ssi·

140 2507 229 2565 enter
256 2485 510 2560 cornrnunicando
533 2488 582 2568 ei,
609 2479 643 2570 fi
663 2503 720 2574 per
745 2485 801 2556 icoc
824 2489 969 2556 intendat
991 2488 1151 2580 absolvere
1176 2513 1269 2564 eccm:
1301 2496 1345 2566 ad

143 2609 213 2660 cum
229 2580 334 2675 silom
357 2575 646 2670 adpellatormissis
671 2579 783 2650 mediis
801 2583 995 2672 jndicibus:
1029 2587 1106 2654 item
1130 2592 1262 2680 rnojora
1286 2613 1343 2660 ne·

137 2676 323 2775 gotiasont
351 2676 393 2742 od
418 2696 486 2742 etlllt
501 2670 644 2763 sirerrda
680 2677 734 2744 obi
767 2675 970 2770 dispensatur
1002 2679 1039 2748 ilc
1069 2681 1271 2769 Simoniaco,
1305 2702 1346 2756 ut

133 2776 258 2874 sirprc,
292 2787 322 2843 et
348 2793 415 2843 rom
442 2791 474 2836 so
503 2772 556 2862 qui
579 2773 870 2842 encorrrmunicctus
900 2776 1097 2869 celebras-it,
1129 2779 1180 2847 rel
1201 2779 1345 2850 ordinem

131 2875 287 2969 suscepit.
341 2864 538 2959 singulare,
565 2884 600 2936 et
624 2866 707 2936 idco
737 2865 803 2938 hac
828 2867 1008 2939 occasione
1033 2872 1239 2959 notandum,
1267 2873 1341 2961 est,

140 2963 377 3047 Bonifatium,
405 2978 442 3031 ut
467 2958 574 3032 refers
602 2960 716 3033 Abbas
742 2958 905 3058 Uesperg.
933 2965 970 3035 in
994 2964 1219 3059 Paralipom,
1240 2971 1346 3060 primo

141 3060 287 3158 Jubilaei
323 3058 378 3128 die
404 3056 603 3128 sacerdotali
631 3054 747 3130 habitu
775 3057 843 3130 sese
862 3061 990 3152 populo
1007 3057 1212 3152 ostentaffe,
1236 3066 1345 3159 eique

144 3149 378 3238 benedixiffe,
414 3152 468 3221 sel
495 3151 636 3243 secundo
667 3151 837 3241 imperiali
868 3155 969 3247 pallio
1003 3155 1165 3229 amilium
1201 3179 1350 3255 compa·

147 3251 271 3339 ruisse,
297 3267 471 3318 eteorum
498 3246 531 3318 se
556 3247 641 3320 duos
662 3248 788 3340 gladios
815 3249 962 3344 portari,
997 3271 1033 3320 et
1053 3257 1260 3346 proclamari
1284 3281 1348 3332 cu·

144 3347 251 3434 ralie,
285 3366 355 3417 ecce
380 3344 432 3413 lrs'c
464 3341 540 3414 duos
560 3344 715 3435 gladios!
746 3366 815 3437 quo
840 3344 898 3416 ssbi
925 3365 1104 3442 utramque
1137 3349 1350 3440 potestatem

142 3442 285 3518 civilem
310 3462 345 3511 et
363 3435 638 3513 ,Eccletsasticarn
661 3440 853 3531 adrogauit.
906 3441 1091 3535 Denique,
1124 3444 1147 3516 ss
1171 3447 1250 3540 quie
1269 3449 1350 3522 iun·

141 3539 303 3615 lamenta
329 3534 435 3620 velit,
469 3535 591 3630 quibus
616 3534 709 3606 Petri
734 3535 919 3628 primatus,
958 3545 1014 3610 cui
1040 3539 1222 3613 Romanae
1257 3545 1352 3620 sedis

142 3632 327 3717 innititur,
361 3627 427 3700 fuit
456 3630 526 3701 hoc
551 3648 713 3724 tempore
747 3630 1009 3721 superstruitur,
1043 3634 1136 3727 tegas
1158 3635 1256 3709 inter
1279 3643 1349 3718 alia

142 3726 242 3824 epist.
269 3722 465 3796 innocentii
489 3723 552 3794 ΠΙ.
581 3747 663 3814 209.
688 3725 748 3798 lib.
774 3727 819 3798 ll.
845 3726 887 3798 ad
920 3730 1149 3803 Patriarcham
1185 3734 1348 3811 CPolsta·

142 3845 245 3909 num3
277 3821 366 3892 inter
391 3840 496 3912 quae,
532 3818 611 3890 satis
636 3840 739 3904 nota,
763 3817 845 3891 iliud
873 3818 1227 3919 fingotsreoccusris,
1252 3832 1347 3926 quod

140 3944 212 3995 eum
236 3915 397 3989 Dominus
421 3911 613 4006 adparuisset
637 3917 671 3984 in
695 3918 802 3985 littore
833 3914 995 4008 discipulis
1027 3927 1263 4017 narigantsbus
1295 3963 1352 3987 -

135 4041 194 4081 ψ-
215 4045 269 4070 ·-
289 4044 344 4097 ,·,,-·
366 4011 480 4088 Passus
492 4005 535 4106 sc
558 4013 591 4085 irt
612 4030 701 4085 mort
724 4005 831 4107 mifit,
864 4016 943 4088 cliit
966 4018 1098 4112 morigia
1132 4023 1351 4100 venientibus.

1130 4147 1252 4195 ·-.-·
1277 4121 1357 4195 Can
