3022 4806
130 636 198 730 isi
505 623 655 725 ffiflirio
676 622 807 727 Eccles.
832 588 952 728 tirist

133 805 268 885 scilicet
296 800 474 878 sententiis
499 800 658 897 selenis,
685 802 728 879 et'
749 826 790 880 cs
817 802 924 881 itibus
947 800 1171 879 brevioriBus
1187 824 1252 903 per
1267 824 1347 904 titia¹

138 924 218 978 tuor
246 919 381 976 iantoin
405 896 536 972 litteras
557 897 746 991 dillinslis,
780 826 838 973 ssd
863 919 900 973 et
925 897 1053 974 additis
1078 900 1229 985 vocibus
1250 904 1351 977 inde·

143 994 375 1085 clinabilibus,
407 1010 556 1068 attamen
580 994 794 1092 praecipuis,
828 1016 900 1068 non
932 994 1106 1069 omnibus.
1154 998 1264 1095 Cojiis
1291 1021 1351 1073 aii·

138 1113 195 1169 tor
230 1089 283 1167 est
314 1090 496 1164 conrados
536 1088 818 1164 Halberstadcni.
860 1090 955 1163 circa
994 1112 1026 1165 a.
1053 1112 1160 1186 1310.
1207 1090 1354 1182 Postea,

139 1209 263 1285 magna
291 1205 371 1261 orta
403 1184 439 1257 in
465 1184 610 1279 Synodo
633 1183 811 1259 Basilcsnli
835 1182 930 1257 inter
953 1182 1107 1258 Graecos
1134 1205 1172 1260 et
1205 1187 1356 1275 latinos

141 1277 397 1370 contentione,
427 1277 472 1350 de
495 1278 684 1375 particulis
703 1302 747 1352 ex
781 1296 819 1351 et
846 1296 926 1375 per,
960 1279 1143 1353 occanoue
1174 1282 1358 1357 domatis

142 1382 188 1455 de
214 1374 433 1474 processione
457 1374 608 1470 Spiritus
635 1376 695 1464 S.,
730 1372 916 1470 Johannes
950 1374 995 1447 de
1017 1372 1191 1470 Ragulio,
1222 1306 1356 1451 stoco-

141 1492 231 1549 rator
262 1466 445 1543 Generalis
476 1467 611 1542 ordinis
653 1465 952 1559 Praedicatorum,
994 1469 1154 1559 curavit,
1189 1494 1255 1569 per
1291 1474 1355 1545 Ca·

169 1569 317 1641 ellanoni
341 1565 437 1639 souin
463 1563 653 1638 Guolierom
678 1563 822 1657 Jonuin,
848 1564 1015 1654 Scotum,
1045 1565 1174 1638 confici
1200 1566 1353 1665 particu-

142 1595 251 1739 iitum
283 1658 598 1747 concordantiam,
647 1657 715 1732 sec.
748 1656 852 1734 xlv,
898 1658 984 1732 Vid.
1031 1656 1181 1755 Jacobus
1227 1658 1361 1762 Qoetis

144 1764 182 1835 in
216 1754 446 1852 scriptoribus
480 1752 611 1826 ordinis
650 1750 933 1826 Praedicatoruni
977 1772 1064 1828 torn.
1105 1756 1134 1826 Ι.
1186 1758 1357 1855 Denique

146 1853 306 1929 ultimam
329 1848 413 1923 lioic
435 1848 483 1919 rei
505 1868 644 1920 inanum
668 1846 823 1941 inposuit
845 1846 917 1921 sec.
945 1846 1047 1922 XVI.
1075 1848 1257 1928 Robertos
1279 1855 1356 1927 Ste-

147 1950 311 2049 phanos,
341 1944 401 2054 qui
433 1938 659 2039 perscbliores
697 1964 769 2014 non
809 1958 947 2014 tantuin
989 1947 1187 2038 quorumvis
1222 1970 1357 2022 vocum

150 2041 381 2121 concinnavit
404 2036 693 2126 concordantias,
726 2032 787 2108 sed
815 2055 851 2108 et
880 2035 1090 2129 Scriptorum
1115 2043 1150 2116 S.
1174 2043 1215 2116 in
1238 2040 1361 2118 versos·

150 2136 358 2214 minutiores
380 2130 560 2223 distinxit,
585 2152 623 2205 et
645 2127 762 2205 versos
783 2133 937 2204 numeris
959 2131 1118 2208 notavit:
1145 2134 1232 2211 licet
1255 2140 1357 2234 saepe

149 2236 262 2310 minus
283 2250 376 2327 apte.
424 2231 540 2304 Autor
561 2247 742 2320 praeterea
764 2222 815 2296 est
836 2226 949 2322 litigo
962 2224 1177 2322 postillarum,
1203 2234 1264 2307 seo
1282 2234 1361 2307 bre·

150 2333 248 2404 vium
273 2345 454 2411 notarum,
479 2322 521 2394 ad
547 2324 705 2394 universa
728 2317 855 2408 Biblia,
880 2321 1068 2395 secondum
1094 2329 1359 2425 quadruplicem

149 2420 302 2507 l’ensoin,
332 2417 537 2503 litteralem,
560 2415 806 2510 allegoricum,
830 2418 1019 2504 moralem,
1043 2438 1080 2489 et
1101 2422 1362 2519 anagogicum,

174 2538 236 2589 uae
260 2511 335 2586 sive
355 2509 432 2598 sex,
459 2507 531 2580 five
555 2506 660 2598 osso,
697 2506 930 2584 voluminibus
952 2512 988 2584 in
1022 2512 1097 2584 Fol.
1135 2520 1358 2612 prodierunt,

148 2543 381 2707 bdpcllantot
405 2622 520 2676 antem
544 2601 617 2675 illae
641 2623 747 2677 notae
769 2605 971 2700 marginales
989 2605 1160 2703 postillae,
1192 2614 1275 2711 quia
1307 2614 1361 2691 se-

155 2705 309 2784 condum
332 2699 438 2774 verba
462 2717 627 2785 corront,
658 2697 749 2797 quasi
770 2697 841 2792 poll
861 2702 922 2773 illa
946 2705 1063 2776 verba.
1114 2703 1181 2779 Sed
1214 2706 1362 2784 Nicola-

149 2826 191 2880 os
213 2798 399 2877 Trivettus
431 2797 472 2869 in
493 2792 675 2867 Chronico
714 2793 838 2867 tribuit
870 2792 1126 2872 distintnonem
1166 2802 1362 2880 Bibliorurn

155 2903 197 2977 in
232 2896 349 2992 capita
382 2911 419 2967 et
449 2887 602 2986 postillas
631 2889 810 2987 Stephano
842 2890 1045 2986 Langtoiio,
1079 2894 1362 2997 Archiepiscopo

156 2986 414 3153 cantuarienlp,
446 2984 506 3082 qui
532 3010 562 3061 a
592 2993 698 3066 1228.
728 2983 839 3083 o'oiit:
873 3005 911 3059 oi
933 2987 1126 3063 observavit
1151 2992 1307 3093 cangius
1325 2996 1366 3073 iii¹

180 3110 245 3164 oce
266 3086 314 3159 Po
345 3086 432 3157 loe'.
686 3132 689 3139 ι
876 3145 880 3152 .

153 3082 565 3282 v§.css11.1nJure
594 3174 776 3250 Canonico
807 3173 1029 3286 praecipuam
1061 3181 1189 3257 metult
1223 3182 1363 3263 landem

156 3276 370 3376 Rapinuiidus
392 3273 432 3344 de
454 3271 567 3346 Pensio
584 3270 694 3365 furii,
728 3269 1010 3361 Barcinonensis,
1042 3294 1086 3348 eit
1118 3278 1226 3353 nobili
1258 3282 1367 3357 sorni·

158 3381 227 3464 lia,
262 3372 323 3470 qui
348 3366 530 3441 Bononiae
558 3367 614 3461 jus
646 3365 791 3454 docuit,
824 3364 943 3462 postea
975 3371 1163 3446 canonicus
1192 3396 1229 3448 et
1262 3378 1367 3452 Prae·

157 3470 272 3546 sessos
304 3459 587 3549 Barcinonensis,
627 3458 709 3533 dein
748 3462 951 3559 Capellanos
988 3481 1026 3534 et
1068 3466 1368 3551 Poeniteotiarius

159 3562 326 3660 Gregorii
357 3558 455 3647 IX.,
499 3556 649 3654 denique
686 3554 868 3632 Generalis
911 3556 1043 3630 ordinis
1082 3563 1368 3647 Praedicatoruin

158 3658 354 3756 Magister,
393 3654 452 3729 sed
494 3675 565 3748 quo
604 3674 750 3724 munere
778 3653 824 3734 ¹se
855 3651 1028 3726 abdicavit
1063 3657 1141 3751 post
1173 3660 1366 3745 biennium.

160 3759 278 3832 Autor
301 3749 387 3839 suit,
420 3764 457 3820 ot
482 3747 754 3820 Adnuiciutiim‘s
777 3749 917 3820 Mariae
940 3746 1068 3822 festum
1093 3752 1282 3832 solenniter
1307 3762 1364 3837 fii·

158 3850 230 3928 erit
250 3846 365 3922 aclom
390 3841 427 3916 in
453 3838 605 3916 Ecclesia
628 3838 887 3933 Barcinonensi,
919 3842 1010 3937 quod
1032 3865 1134 3922 antea
1163 3851 1214 3925 ibi
1246 3854 1370 3935 minos¹

161 3945 301 4025 celebre
327 3940 461 4025 socrat,
495 3932 593 4009 suasit
617 3957 800 4029 praeterea
825 3936 980 4032 Jacobs,
1016 3940 1219 4039 Aragoniae
1245 3948 1365 4049 Regi,

156 4054 200 4120 'ot
221 4042 358 4120 saccom
385 4030 559 4111 Ordinem
582 4029 723 4111 Mariae
748 4031 794 4109 de
816 4031 981 4107 mercede
1004 4035 1241 4120 redemtionis·
1255 4046 1372 4140 capsi:

1135 4160 1143 4175 '
1191 4163 1198 4177 ⁶
1243 4158 1374 4219 vomis!
