3022 4806
145 605 217 692 124
549 574 696 674 Historia
718 577 846 674 Eccsaes.
873 573 989 676 emin.

149 762 300 846 tastiea,
342 757 392 833 ita
434 772 472 830 ut
503 753 650 830 effluant
684 753 750 830 iste
780 755 851 833 Dei
891 780 956 854 pet
988 753 1167 845 Mariam,
1208 771 1251 830 ut
1273 776 1372 830 caua·

151 863 220 937 iem
247 854 438 943 transterit,
471 875 533 946 per
565 873 682 926 aurem
705 852 780 948 ejus
811 852 1001 948 ingressus,
1035 856 1185 950 indeque
1211 861 1272 926 sub
1296 864 1371 948 spe·

149 960 206 1035 eie
246 957 398 1028 hnmana
436 947 615 1043 egressus,
656 952 844 1045 omniaque
884 955 922 1022 in
961 951 1113 1042 spectem
1146 948 1291 1046 egerit,
1332 967 1372 1036 et

151 1053 235 1130 dein
269 1055 307 1123 in
339 1048 474 1120 Patrem
505 1042 613 1116 suerit
642 1045 816 1118 resolutus.
878 1046 983 1143 Quod
1015 1047 1179 1140 opinioni
1211 1063 1258 1116 oe
1289 1065 1369 1117 cat·

126 1171 220 1241 ¹ne,
247 1143 327 1219 mali
351 1142 447 1238 genii
470 1136 619 1227 effectu,
652 1162 689 1214 et
711 1141 792 1215 sede
814 1142 973 1236 peccati,
1001 1145 1175 1214 'concinit
1222 1161 1260 1230 4.
1287 1143 1375 1212 Cre·

154 1265 290 1319 atonem
315 1259 452 1346 quoque
477 1237 577 1330 hujus
600 1236 695 1309 orbis
718 1235 911 1310 statuerunt
937 1235 1006 1309 esse
1024 1236 1206 1322 διιιιιιιιιιις
1244 1234 1308 1332 qui
1331 1238 1371 1309 ιιι

153 1356 282 1414 terram
319 1332 527 1406 invisibilem
558 1349 597 1403 et
637 1334 786 1422 rudem,
828 1335 886 1406 seu
917 1331 1094 1404 materiam
1126 1331 1372 1427 praeexisten-

153 1452 247 1523 tem,
279 1427 436 1525 dejeetus
460 1426 608 1500 sormam
641 1426 764 1502 mundi
798 1425 985 1522 produxit,
1019 1425 1117 1500 simus
1140 1448 1271 1521 corpus
1295 1427 1371 1503 sor·

153 1529 267 1606 mavit
296 1525 472 1620 hominis,
504 1521 622 1596 animo
658 1542 792 1596 tantum
823 1546 842 1597 a
874 1524 956 1597 Deo
987 1516 1104 1596 infuso
1162 1544 1198 1613 5.
1235 1527 1372 1597 Drabo-

154 1628 227 1702 ium
250 1643 392 1713 autem,
415 1638 515 1694 antea
538 1617 812 1714 potentissimum
835 1619 1030 1713 Angelum,
1053 1640 1099 1691 ex
1123 1614 1199 1713 ipsa
1221 1619 1295 1693 Dei
1318 1619 1373 1693 es·-

157 1720 268 1802 sentia
293 1739 435 1804 natum,
461 1713 653 1808 dignitate,
686 1735 769 1811 prae
794 1713 974 1810 superbia,
1007 1711 1074 1786 bac
1098 1711 1155 1786 sua
1180 1736 1252 1787 non
1286 1738 1375 1790 conb

153 1837 294 1893 tentum
317 1811 502 1894 defecisse,
533 1826 672 1883 retento
704 1826 822 1882 tamen
857 1831 985 1904 magno
1013 1807 1151 1902 inperio
1182 1809 1253 1883 esse
1286 1811 1373 1884 ado·

154 1913 328 1997 randum,
368 1929 414 1982 ne
455 1903 538 2001 quid
573 1905 655 1977 masi
684 1901 835 2002 infligat.
888 1905 971 2005 Quo
1010 1902 1073 1976 fini
1113 1903 1199 1977 ficto
1237 1896 1399 1980 Cbntti'

154 2008 254 2086 dieto
288 2008 326 2078 in
354 1998 548 2098 Euangesio
573 1998 743 2090 obsunt,
782 2002 949 2076 doemonia
974 2000 1100 2087 colitis,
1124 2023 1184 2072 nou
1214 2020 1251 2073 ut
1277 2007 1373 2076 nobis

152 2104 297 2205 profint,
319 2097 382 2198 sed
412 2125 450 2174 ne
474 2092 587 2189 obstat.
640 2103 674 2171 6.
707 2097 857 2193 Lapsum
891 2115 929 2169 et
959 2115 1142 2187 peccatum
1174 2099 1372 2191 primorum

158 2201 345 2278 bominum
378 2213 543 2291 repetunt
570 2214 588 2266 a
614 2197 784 2281 Satanae,
817 2194 877 2266 sub
914 2189 1029 2265 sotma
1058 2193 1247 2285 serpentis,
1283 2196 1370 2267 con·

155 2300 277 2374 cubitu
301 2315 381 2367 cum
406 2295 497 2372 Eva,
534 2292 625 2361 unde
650 2311 750 2361 natus
773 2286 824 2360 est
850 2288 956 2375 Cain,
983 2284 1046 2359 nist
1071 2288 1151 2360 iliud
1176 2293 1370 2384 assegorice

156 2393 203 2466 de
229 2383 516 2482 concupiscentia
538 2383 685 2486 cumali,
717 2381 816 2455 Evae
840 2406 903 2479 per
927 2385 1120 2476 serpentem
1145 2381 1296 2479 injeita,
1329 2388 1373 2460 stt

156 2487 437 2578 intelligendum.
487 2497 518 2569 7.
554 2477 707 2571 Singulis
738 2500 845 2572 porro
877 2477 1079 2551 hominibus
1117 2479 1268 2576 singusos
1310 2483 1370 2556 iu·

129 2652 132 2659 .
157 2581 228 2658 esse
253 2580 458 2661 daemonas,
486 2569 648 2643 scelerum
673 2595 830 2663 autores,
862 2576 917 2647 sed
943 2593 980 2646 et
1002 2597 1190 2668 poenarum
1217 2599 1301 2649 cum
1326 2579 1373 2652 iis

183 2673 355 2768 articipes.
416 2679 444 2750 8.
483 2668 539 2739 De
571 2671 865 2766 regeneratione,
906 2689 944 2743 et
974 2670 1212 2763 conceptione
1253 2674 1371 2750 Verbi

92 2840 95 2844 ,
157 2705 250 2864 gei,
283 2765 423 2865 ejusque
441 2760 674 2862 prodobiione
698 2767 736 2837 in
760 2765 883 2840 animis
905 2764 1119 2853 auditorum,
1155 2767 1298 2841 sortiter
1321 2773 1373 2842 so·

159 2873 231 2953 cuti
266 2866 364 2954 sunt,
402 2862 453 2936 ita
486 2878 522 2932 ut
546 2858 614 2931 sese
643 2859 779 2934 Mariae
803 2860 937 2935 suerint
962 2861 1084 2935 censiti
1121 2866 1373 2961 aequiparate3

157 2973 315 3060 adeoque
340 2981 427 3055 opus
452 2977 524 3030 non
549 2953 619 3029 esse
652 2956 825 3053 baptismo
856 2979 984 3053 aquae,
1020 2979 1122 3052 quem
1156 2985 1175 3031 a
1208 2964 1372 3058 Jostanne

156 3066 321 3142 dixerunt
356 3051 575 3150 protectum,
612 3051 648 3125 se
681 3054 811 3126 babere
843 3051 1049 3149 baptismum
1082 3055 1259 3150 Spiritus,
1305 3060 1369 3159 qui

159 3153 290 3238 cnrrsti
317 3151 378 3228 est.
427 3147 530 3222 Unde
556 3147 662 3223 etiam
689 3147 762 3231 est,
795 3153 889 3244 quod
913 3170 991 3237 eos,
1024 3149 1104 3246 qui,
1139 3151 1224 3226 sicet
1248 3157 1402 3268 baptis

158 3256 251 3346 zati,
291 3249 334 3325 ad
364 3244 490 3322 senam
519 3245 611 3319 suam
645 3242 876 3335 accesserunt,
914 3243 1135 3334 admiserint,
1178 3245 1258 3344 post
1284 3250 1372 3348 Justa'

161 3346 332 3450 temporis
362 3339 630 3440 probationem,
663 3364 728 3435 per
762 3362 924 3415 manuum
956 3338 1224 3436 inpositionem,
1258 3368 1369 3424 eum.

159 3450 257 3555 pelio
281 3464 418 3542 quoque
442 3437 613 3535 Jobannis
645 3437 818 3531 capitibus
849 3459 968 3510 eorum
1000 3434 1181 3529 inposito,
1215 3461 1253 3513 et
1285 3446 1370 3541 spi.

162 3548 234 3624 ritu
253 3546 288 3618 S.
306 3545 485 3614 invocato.
533 3556 569 3625 9.
595 3535 736 3608 Coenae
755 3535 986 3622 Dominicae,
1012 3556 1113 3629 quam
1132 3558 1199 3631 pro
1220 3536 1370 3613 daemo-

159 3665 242 3724 num
270 3631 437 3712 sacrificio
461 3632 672 3715 babuerunt,
706 3631 953 3703 substituerunt
990 3627 1200 3705 Orationem
1238 3633 1371 3712 Domi·

157 3742 297 3824 nicam,
323 3728 464 3824 e'usque
488 3724 699 3821 petitionem
722 3727 875 3817 depone
895 3727 1088 3818 quotidiano.
1327 3727 1330 3734 '

231 3887 238 3911 .
266 3829 332 3906 CV
358 3825 383 3898 1.
412 3845 467 3897 ιο.
494 3821 711 3917 Spreverunt
741 3838 921 3916 praeterea
957 3843 1098 3897 omnem
1113 3844 1295 3903 externam
1312 3851 1370 3904 re·

157 3933 182 4016 Ιι
224 3924 301 4005 onir
325 3921 491 4004 sormam,
532 3915 583 3990 uti
612 3916 839 4004 sacromenta,
873 3915 1040 4014 Tempsa,
1075 3922 1266 4018 Imagines,
1299 3943 1372 4003 etc.

208 4045 267 4113 nm
300 4036 437 4124 quoque
465 4012 692 4097 ministerium
726 4010 1033 4109 uectemstiem,
1076 4015 1239 4132 Tempsa
1262 4022 1372 4098 etiam

730 4141 737 4178 ·’
1291 4139 1377 4207 Q
