3022 4806
127 665 200 747 354
512 632 660 727 Historia
682 634 809 736 Ecclts.
834 636 952 735 cirili.

131 819 291 899 ultimum
314 811 506 913 judicium,
528 834 593 901 an,
618 833 762 904 contra,
787 815 937 893 nontin
956 814 1034 914 post
1054 814 1345 895 resurreetione

135 940 182 994 eo
204 921 450 1014 pervenirent,
474 912 554 984 ticet
578 931 661 983 ante
685 932 775 1008 pace
797 933 835 986 et
853 911 1016 987 beatitate
1030 914 1193 1011 gavisae?
1219 916 1344 1012 Jonan

135 1037 199 1089 net
227 1013 343 1098 enim,
369 1013 427 1105 qui
444 1005 613 1103 posterius
636 1010 769 1093 tenuit,
799 1029 835 1080 et
852 1009 891 1082 in
909 1011 1229 1104 concionibuajrm
1246 1029 1343 1087 antea

135 1106 363 1207 proposuerat
381 1128 410 1176 a
427 1124 553 1196 1329.,
576 1122 614 1175 ut
632 1102 735 1175 tradit
753 1100 924 1178 Nicolaua
938 1105 1115 1180 Minorrta
1129 1106 1221 1200 apud
1238 1108 1341 1181 unm

138 1223 214 1281 not.
231 1203 273 1277 ad
292 1202 379 1275 vitea
396 1200 561 1294 Papnrurn
579 1196 757 1272 Avenion.
777 1217 802 1274 t.
814 1201 841 1273 1.
858 1224 892 1293 p.
903 1206 973 1292 788
1003 1222 1202 1297 neutiquam
1219 1201 1341 1288 statuit,

138 1296 232 1396 quod
249 1293 402 1371 nonnulli
419 1295 620 1388 opinantur,
647 1293 779 1367 animat
795 1297 939 1368 dormire.
972 1296 1071 1370 Ptiur
1087 1297 1205 1390 paffirn
1225 1319 1270 1371 ex
1285 1297 1343 1370 Or·

138 1397 221 1470 dine
246 1388 543 1478 Praedicatorum,
568 1410 648 1462 curn
673 1408 748 1462 tota
770 1390 958 1464 Academia
982 1390 1188 1482 Parifiense,
1211 1390 1341 1471 censue,-

139 1508 244 1658 runt(3
261 1484 431 1656 posterius
440 1509 540 1654 gieio
548 1484 710 1651 sminister
727 1485 908 1561 Generalis
925 1488 1136 1653 Igrftnprum,
1159 1489 1338 1656 aitiqtpeer·

137 1603 484 1788 {irmifiiiedhaiiea
493 1601 932 1765 ,lieimetlioiuriiqiiiitai
939 1601 1077 1786 indidit:
1095 1602 1261 1785 iitngitii,
1271 1602 1339 1749 lgii

141 1777 232 1857 dintt
247 1776 480 1850 Domtnrcanr
500 1770 657 1861 Doffor,
684 1793 802 1845 coram
826 1775 917 1868 Papa
937 1772 1027 1849 uliam
1043 1774 1255 1868 ,opinionem
1271 1773 1338 1845 vui·

140 1876 186 1951 de
211 1872 395 1958 refutaret,
420 1869 580 1939 mandato
604 1869 716 1963 Papae
741 1866 778 1940 in
805 1890 980 1943 carcerem
1005 1867 1249 1963 lnqnifitionir
1273 1888 1338 1943 con·

139 1968 273 2068 jeciua,
290 1966 461 2056 multaque
471 1958 580 2058 paffua
597 1960 668 2050 est,
685 1961 837 2058 indeque
845 1986 949 2059 aegre
965 1964 1008 2037 ad
1017 1963 1170 2059 Philippi
1180 1965 1338 2060 Regirin·

141 2065 299 2145 stantiam
316 2077 476 2153 ereptus,
499 2075 539 2131 ut
556 2056 665 2131 refert
681 2058 873 2133 Gobelinus
888 2060 1035 2133 Persona
1050 2057 1088 2130 in
1108 2063 1339 2156 (asinodrnrtt't.

143 2163 232 2238 Vid.
256 2181 294 2234 et
310 2159 430 2232 Paulus
456 2155 607 2252 Langitrr
630 2152 666 2227 in
689 2155 866 2233 Chronico
895 2152 1081 2243 Citirenfi,
1120 2176 1160 2230 et
1189 2158 1339 2233 Albano

144 2254 329 2333 Krantziua
349 2251 428 2326 hist.
444 2253 605 2324 Wandai.
631 2250 652 2325 l.
671 2249 774 2323 V111.
826 2252 946 2343 Sparsa
970 2271 1057 2322 vero
1080 2250 1256 2344 Johannir
1277 2249 1340 2347 opi·

142 2353 248 2427 rtione
269 2370 331 2445 per
345 2345 536 2431 Ecctefias,
552 2345 729 2439 Philippus
745 2345 901 2420 Varenus
911 2350 1122 2419 convocavit
1139 2345 1341 2441 Episcopus,

145 2447 322 2528 Abbates,
355 2460 392 2513 et
418 2440 625 2604 Theofopoa
647 2437 845 2512 Parisrenses
868 2440 905 2513 in
933 2464 1059 2528 unurn,
1100 2438 1138 2515 in
1166 2445 1249 2517 saltn
1275 2443 1340 2516 Vin·

142 2558 335 2624 tennerunt,
360 2533 405 2604 de
431 2554 501 2627 quo
521 2534 556 2604 vi
584 2587 592 2606 .
620 2532 793 2608 Launoius
808 2533 918 2631 Epist.
945 2560 978 2629 7.
1005 2555 1094 2631 part.
1120 2539 1213 2627 111.,
1239 2537 1339 2635 aqui·

143 2640 206 2715 bna
228 2635 341 2728 Papae
369 2626 540 2700 sententia
564 2623 615 2700 est
637 2629 817 2720 damnata,
858 2653 1020 2725 tanquam
1048 2629 1133 2705 fidei
1160 2633 1342 2720 contraria,

147 2735 304 2827 adeoque
338 2722 534 2812 haeretica,
568 2743 608 2795 ut
639 2723 774 2817 Nangii
799 2724 1026 2801 continuator
1048 2726 1160 2804 refert
1183 2730 1221 2804 in
1246 2725 1343 2837 Spici·

145 2829 239 2926 legio
261 2820 497 2899 Dacheriano.
548 2819 625 2892 lmo
651 2819 961 2899 vehementiffirnns
991 2823 1125 2916 scripsit
1161 2828 1242 2903 Rex
1263 2827 1340 2901 itttte

146 2949 201 3003 rar
221 2922 263 2996 ad
287 2919 436 3014 Papam,
462 2914 636 2988 intentans
660 2938 795 3014 qnoque
819 2939 965 3011 rogum,
991 2917 1054 2993 nist
1079 2919 1235 2995 haeresin
1247 2943 1338 2992 revo-

145 3036 262 3101 earet:
289 3032 328 3087 ut
358 3010 500 3086 testatur
521 3013 640 3086 Petrur
664 3012 707 3086 de
729 3011 862 3087 Aiiiaco
887 3013 924 3089 in
953 3012 1112 3088 oratione
1126 3017 1175 3090 de
1179 3013 1342 3187 scirpum

148 3111 302 3198 intrando,
326 3132 357 3183 a.
386 3113 491 3196 1406.
515 3129 630 3180 corant
648 3107 750 3204 Rege
768 3108 891 3182 Cannio
908 3110 1035 3184 habita.
1086 3110 1239 3208 Rescrip
1252 3135 1281 3191 tt
1295 3115 1344 3189 Pt·

145 3234 213 3309 pa,
231 3209 266 3284 se
286 3201 374 3279 nihil
390 3223 490 3277 entra
503 3203 747 3298 ScripturaeS.
760 3223 819 3290 ,et
834 3203 1027 3279 Dofiorurn
1047 3205 1251 3282 testimonia
1264 3207 1344 3284 adfe-

144 3304 271 3392 ruisfe,
303 3322 372 3376 nec
404 3301 497 3373 suant
529 3299 733 3394 opinionem
752 3299 868 3374 alicui
895 3303 1102 3389 obtrudere,
1133 3302 1192 3378 sed
1215 3306 1347 3395 uellet

144 3396 359 3479 Dodoribua
383 3392 581 3470 discussam:
608 3393 747 3469 tandem
775 3413 889 3470 tanen
917 3395 976 3470 sub
1000 3396 1095 3471 vitae
1120 3399 1231 3477 finem
1257 3422 1348 3474 revo-

147 3496 259 3585 taffe,
282 3491 429 3565 traditur
451 3494 493 3565 ab
517 3492 593 3586 ejur
610 3490 800 3566 snccenore
824 3492 1013 3569 Benedifio
1031 3495 1111 3569 ΧΠ.
1134 3493 1174 3571 in
1193 3497 1351 3591 diploma·

144 3613 184 3677 te
209 3587 301 3686 apud
325 3587 541 3682 Raynaidunr
566 3611 596 3663 a.
624 3608 730 3681 1334.
780 3586 878 3686 Quae
901 3587 1043 3663 historia
1064 3611 1144 3662 cunt
1172 3592 1286 3686 Papae
1304 3593 1350 3665 in·

147 3683 391 3778 fnliibiiitatem
416 3681 606 3778 infringat,
639 3681 817 3759 Pontificii
842 3685 1045 3780 excipiunt,
1079 3685 1281 3779 Johannenn
1302 3684 1353 3763 vei

151 3807 223 3865 non
245 3774 435 3870 adserniffr,
462 3777 519 3851 fed
544 3794 674 3852 tanturn
698 3778 872 3854 inclinaffe
902 3783 943 3852 ad
969 3803 1043 3853 earn
1070 3779 1296 3875 opinionem,
1319 3800 1354 3860 et

150 3882 195 3962 ad
224 3872 490 3952 examinandum
510 3872 742 3967 proposuiffe,
767 3872 853 3947 stent
878 3874 951 3968 ipse
974 3876 1148 3971 Johannea
1173 3878 1294 3973 postea
1317 3878 1355 3963 in

149 3971 251 4076 epist.
273 3970 316 4047 ad
341 3969 395 4045 Re
421 3991 476 4045 ern
501 3969 719 4061 praetendit,
743 3971 801 4043 vel
823 3993 894 4048 non
917 3996 959 4048 ex
984 3974 1156 4061 catiredra,
1181 3977 1239 4050 feu
1254 3997 1357 4051 acce·

149 4073 262 4165 deppa-
278 4064 382 4165 Eopie
479 4062 663 4171 tonicam,
694 4064 760 4145 hac
789 4065 835 4143 de
859 4092 901 4143 re
924 4065 1179 4166 pronuncitffe,
1206 4070 1265 4150 sed
1284 4091 1360 4166 tang

718 4234 727 4271 ἱ
761 4239 767 4248 ι
