3022 4806
126 546 201 643 546
516 517 667 623 ffistoriu
689 516 820 623 meus.
844 516 966 623 chrys.

135 723 176 803 in
197 710 346 793 Latinos
368 701 490 785 hostili
516 704 558 779 ad
588 701 780 778 concilium
814 700 972 793 venenu,
1011 700 1224 779 muneribus
1252 698 1365 799 podis

136 832 325 910 corruptus
355 806 560 879 Latinorum
587 799 710 875 caulae
735 802 972 896 patrocinatus
1003 798 1071 875 est.
1122 802 1223 875 luter
1255 804 1363 891 varia,

137 934 230 1015 quae
256 924 381 983 contra
402 900 569 974 Marcum
595 894 784 993 Ephesium
807 894 1037 991 coiiscriplit,
1063 900 1299 973 memoranrh
1318 894 1391 977 est.

139 1003 304 1109 apologia
335 1020 400 1096 pro
432 994 587 1094 quinque
620 991 795 1090 capitibus
826 994 1005 1084 concihi‚
1045 994 1197 1069 diversa
1225 998 1271 1069 ab
1298 994 1362 1085 ila,

142 1127 232 1204 quae
265 1092 466 1179 Scholario,
490 1094 548 1163 vel
581 1090 794 1171 Gennadio.
834 1088 1048 1167 adscribitur.
1106 1090 1251 1165 Finiant
1284 1092 1367 1167 nune

142 1198 339 1292 catalogum
363 1190 435 1264 duo
457 1185 626 1281 Georgii,
650 1187 739 1259 alter
757 1184 1008 1281 Philosophus,
1035 1184 1222 1283 Georgius
1239 1188 1365 1263 Gemis·

144 1315 223 1382 ως,
247 1292 333 1363 alter
357 1284 608 1380 antiquitatum
633 1279 822 1372 lludiosus,
848 1280 1028 1381 Georgius
1050 1282 1231 1359 Codinus.
1277 1284 1365 1359 Geor·

141 1397 220 1491 ζέω
244 1377 425 1478 Graupius,
451 1378 531 1452 alias
555 1379 690 1467 Psetlro,
717 1373 824 1475 (quae
849 1380 971 1454 eadem
997 1378 1078 1451 suut
1102 1379 1266 1454 nomina:
1288 1376 1366 1455 litut

144 1488 245 1563 enim
264 1478 391 1578 ptpssss
410 1501 431 1551 a
453 1477 565 1573 pipin,
597 1476 649 1548 ita
678 1479 836 1559 astabit
859 1474 908 1549 ell
931 1472 1083 1571 suasi)
1108 1472 1250 1567 didus,
1282 1478 1366 1575 quod

145 1585 193 1655 ob
225 1597 352 1649 nornen
377 1575 555 1659 Platonis,
579 1571 677 1668 cujus
704 1569 1060 1664 suitlludiofiffimus,
1088 1574 1166 1668 ipse
1215 1574 1364 1666 raetulit,

146 1675 364 1772 Byzantinus
386 1668 476 1757 suit,
509 1669 566 1741 sed
591 1670 627 1739 in
652 1667 895 1763 Peloponneso
927 1670 1081 1743 maxime
1109 1690 1173 1740 ver
1188 1691 1285 1745 atus:
1316 1671 1367 1745 sir

147 1769 298 1851 scientia
334 1783 372 1842 et
404 1763 561 1873 moribus
589 1762 856 1853 celeberrimus,
896 1764 958 1860 qui
986 1764 1127 1839 causam
1157 1762 1367 1841 Graecorum

148 1865 187 1945 in
203 1862 354 1941 concilio
370 1862 577 1936 Florentino
593 1878 717 1932 contra
729 1855 968 1935 scholasticos
982 1879 1112 1949 acute,
1144 1880 1184 1933 er
1202 1883 1286 1935 cum
1305 1863 1364 1937 lan·

150 1967 220 2054 de,
242 1964 342 2060 egita
365 1951 609 2051 Philosophiae
632 1976 719 2027 vero
742 1954 944 2030 Platonicae
961 1956 1065 2053 plane
1080 1954 1264 2048 devotus,
1286 1959 1365 2032 etin

150 2086 195 2159 ea
227 2059 338 2157 probe
367 2052 530 2128 eruditur.
578 2048 723 2160 beripfit
746 2052 791 2124 de
810 2050 1032 2161 Procedione
1064 2050 1230 2220 Spiritus
1251 2056 1311 2143 S.,
1328 2056 1367 2127 de

150 2156 363 2241 virtutibus,
398 2151 444 2224 de
467 2150 660 2225 Platonicae
686 2165 725 2221 et
756 2142 1002 2221 aristotelicae
1025 2146 1094 2221 Phi
1109 2148 1286 2243 olophiae
1309 2148 1367 2223 dis·

152 2252 330 2336 seientia,
354 2246 507 2339 denique
532 2243 571 2317 in
596 2243 734 2316 oracula
757 2240 970 2331 zoroastris,
993 2242 1036 2316 ad
1063 2244 1200 2316 calcem
1213 2240 1366 2320 'oraculo-

154 2372 231 2425 rum
256 2342 523 2438 Sibyllinorum,
556 2338 662 2409 etiam
692 2337 854 2410 nonnulla
876 2339 919 2411 ad
945 2335 1131 2411 historiam
1156 2358 1195 2413 et
1222 2341 1365 2439 Geogra·

152 2443 272 2540 phiam
298 2433 523 2532 pertinentia
577 2432 736 2525 Georgius
762 2457 849 2507 vero
877 2435 1032 2524 Codinur,
1059 2435 1294 2532 Curopalates
1314 2439 1364 2511 lib

154 2531 342 2637 postremis
375 2527 499 2602 floruit
534 2526 768 2622 Palaeologis,
808 2548 845 2602 et
871 2534 990 2605 urbem
1023 2530 1208 2606 aTurcis
1237 2557 1364 2630 capiam

154 2645 406 2708 commemorat
422 2648 452 2695 a.
478 2643 609 2717 1453„
635 2620 793 2719 adeoque
811 2626 954 2719 Inperio
973 2627 1178 2724 Byzantino
1196 2629 1364 2724 superdei.

155 2727 302 2824 Scripsit
324 2726 368 2797 de
392 2717 510 2817 officiis
535 2735 566 2789 el
590 2713 787 2813 officialibus
817 2726 914 2797 aulas
939 2726 1191 2816 superatorum,
1229 2745 1263 2796 er
1287 2751 1365 2817 reug·

156 2852 217 2905 rrue
248 2820 414 2914 Ecclefine
441 2817 657 2905 canisianae,
699 2839 765 2890 nec
799 2839 870 2891 non
906 2838 1074 2916 excerpta
1107 2820 1156 2889 de
1185 2822 1368 2918 Originibus

156 2930 258 3019 urbis.
307 2918 378 3031 Qui
404 2914 503 2999 libri,
532 2914 624 2986 hanc
648 2912 684 2985 in
709 2936 781 2985 rem
810 2915 995 3002 utilissimi,
1022 2913 1143 2986 inserti
1164 2914 1267 3006 sunt,
1292 2942 1362 2993 cum

155 3020 228 3096 aliis
251 3016 369 3090 similia
393 3006 588 3103 argumenti
612 3007 867 3098 monumentis,
903 3012 1031 3104 Corpori
1047 3010 1255 3106 Byzantina.

206 3113 238 3209 s.
264 3102 517 3184 ccccxcw.
552 3109 583 3179 A
648 3126 693 3177 en
716 3104 974 3180 Historicorum
1008 3108 1113 3181 ducat
1149 3111 1301 3186 celebris
1322 3112 1369 3184 ille

158 3207 343 3301 Historiae
382 3198 529 3275 concilii
564 3198 755 3274 Forentini
794 3201 956 3275 conditor
998 3202 1092 3276 inter
1118 3202 1281 3280 Graecos
1307 3208 1371 3305 Sys

158 3305 263 3391 valler
288 3296 507 3410 Sguropusur,
531 3297 589 3405 yel
611 3299 805 3391 Syropulus,
831 3323 917 3373 unus
942 3320 985 3373 ex
1009 3298 1065 3372 sex
1094 3302 1294 3401 ssnpsou'pon
1308 3329 1371 3381 cru·

156 3407 302 3499 ageris,
369 3419 404 3469 ui
428 3413 629 3489 praecipuas
653 3394 690 3465 in
721 3393 873 3469 Ecclesia
897 3394 1081 3470 CPolitana
1104 3405 1281 3494 gerebant
1304 3400 1373 3497 dig·

156 3502 286 3679 llll
299 3549 338 3665 li
362 3485 1133 3683 slsis'aallll‘ljdlsssih⁰2?
1173 3497 1374 3666 li‘lzh‘

159 3762 162 3767 ,
188 3686 360 3791 erspexit,
384 3680 511 3757 unioni
534 3700 692 3776 quoque,
718 3681 775 3756 sed
796 3680 929 3757 invitus
956 3706 994 3756 et
1018 3613 1189 3779 consini?
1210 3616 1365 3781 subscrip·

188 3815 213 3868 t.
259 3789 300 3861 ln
323 3776 474 3857 Patriam
498 3797 584 3849 vero
617 3777 725 3852 redux
753 3777 908 3852 animum
939 3779 983 3854 ad
1008 3779 1158 3855 Concilii
1198 3782 1368 3861 historiam

151 3879 352 3994 posteritati
386 3870 614 3970 mandandam
649 3872 845 3969 adplicuit,
885 3872 925 3948 iii
958 3897 1024 3972 qua
1054 3868 1177 3965 aiter,
1221 3877 1371 3967 fraudes,

151 3989 295 4103 &pne
308 3970 469 4080 flagitia,
488 3970 718 4068 Latiumum,
743 3970 837 4053 vivis
854 3970 1017 4074 depingit
1030 3974 1236 4074 coloribus,
1255 3973 1379 4157 Q

142 4130 181 4203 Q.
