3022 4806
189 641 233 719 82
570 631 720 734 Historia
745 628 872 731 Eccse's.
898 628 1014 732 Christ.

188 805 295 889 ander
327 832 408 885 curn
441 809 510 884 suis
537 809 671 886 secessit
698 811 914 909 Nymphas,
948 808 1039 885 haud
1074 811 1195 909 procul
1233 812 1278 889 ab
1306 813 1416 907 urbe,

194 910 315 1005 ibique
345 928 533 984 coronatus
565 906 616 981 est
639 911 682 981 ab
715 910 892 1004 Episcopo
917 906 1087 998 Ostiensr,
1129 909 1227 1005 cujut
1257 932 1331 984 erat
1355 915 1418 986 Pa·

193 1029 273 1103 pam
300 1002 522 1090 consecrare,
564 1004 801 1099 praesentibus
826 1003 944 1076 mustis
972 1004 1229 1094 Cardinalibut,
1267 1007 1419 1103 Episco-

193 1102 274 1199 pia,
301 1119 337 1172 et
363 1100 454 1189 aliis,
490 1103 587 1170 mitro
611 1104 779 1173 turbinata
808 1123 879 1173 cum
903 1122 1035 1187 corona,
1063 1123 1150 1196 quae
1166 1100 1246 1174 alias
1262 1101 1417 1197 Regnum

194 1196 343 1285 dicitur,
371 1216 410 1267 ur
431 1214 529 1266 autor
556 1217 727 1283 coaevus,
752 1216 944 1290 anonymus
963 1195 1179 1285 Vaticanus,
1205 1196 1312 1272 babet
1325 1199 1419 1294 apud

194 1291 397 1369 Batonium.
446 1292 634 1379 Ceterum,
669 1309 707 1362 ut
734 1289 770 1364 id
793 1293 912 1364 obiter
940 1289 1143 1378 observem,
1177 1293 1261 1366 sicet
1287 1317 1420 1368 corona·

200 1390 297 1464 tionis
322 1386 436 1481 prima
460 1405 621 1459 occurrat
646 1381 682 1457 in
711 1386 864 1459 Nicolao
879 1388 906 1461 l.
934 1385 1087 1475 mentio,
1111 1388 1239 1460 thiarae
1264 1412 1352 1463 vero
1375 1414 1418 1465 ac

197 1489 314 1559 rnt'trae
337 1481 374 1555 in
406 1481 582 1578 Gregorio
607 1483 714 1569 VIL,
758 1502 795 1554 ut
823 1481 1125 1576 exsuperioribus
1156 1501 1273 1579 patet,
1316 1490 1419 1561 mitra

196 1600 313 1654 tamen
340 1583 510 1652 turbinata
535 1600 615 1651 cum
645 1601 760 1652 corono
792 1581 954 1674 nusquam
978 1599 1058 1650 ante
1088 1577 1158 1651 hoc
1180 1598 1316 1676 tempus
1344 1605 1419 1656 me·

201 1693 380 1765 moratur,
434 1675 584 1763 uamvia,
602 1672 660 1770 qui
676 1673 818 1760 mitrae,
845 1695 883 1748 et
900 1671 1022 1747 mitrae
1047 1673 1262 1764 turbinatae,
1292 1678 1419 1753 memi-

198 1791 345 1859 nerunt,
383 1697 530 1858 aidant,
573 1792 657 1842 more
685 1767 786 1865 solito
818 1769 945 1864 Papam
991 1776 1040 1843 ita
1074 1767 1175 1842 fuisse
1196 1789 1418 1850 coronatum.

195 1871 281 1945 Erat
311 1885 429 1940 autem
463 1867 582 1937 mitra‘
600 1862 768 1939 turbinata
799 1865 942 1954 eadem,
985 1886 1027 1939 ac
1058 1886 1126 1961 qua
1152 1887 1245 1939 nunc
1271 1887 1420 1945 utuntur

198 1967 331 2059 Papae,
373 1961 443 2033 hoc
469 1980 602 2033 tantum
627 1982 708 2033 cum
741 1958 963 2048 discrimine,
1003 1959 1093 2056 quod
1124 1959 1196 2034 hoc
1220 1966 1421 2039 recentiore

201 2078 368 2156 tempore
393 2059 494 2129 mitra
521 2055 643 2130 habeat
677 2054 745 2129 tria
770 2073 1035 2141 coronamenta,
1074 2053 1132 2128 seu
1166 2074 1234 2130 tres
1266 2059 1421 2137 circulor

201 2177 341 2243 aureos,
372 2176 451 2236 cum
476 2171 577 2226 antea
603 2173 731 2242 unum,
756 2154 812 2226 ves
837 2151 909 2225 duo
937 2169 1089 2238 tantum,
1113 2148 1254 2227 fuerint.
1302 2158 1421 2233 Mitra

200 2277 281 2331 curn
307 2273 377 2323 uno
407 2269 660 2323 coronamento
695 2247 834 2322 duravit
867 2247 971 2341 usque
995 2248 1036 2318 ad
1055 2245 1272 2322 Bonisacium
1290 2252 1420 2344 Vnt,

129 2380 145 2406 ·
201 2351 262 2446 qui
288 2346 474 2420 secundum
502 2344 651 2436 adjecit,
686 2341 771 2417 ficut
804 2343 944 2413 tertium
971 2344 1129 2414 Urbanus
1154 2345 1202 2417 V.
1253 2347 1333 2419 Hac
1357 2372 1419 2422 au·

202 2467 276 2519 tent
303 2440 425 2518 mitra.
485 2462 547 2509 uae
575 2439 681 2509 etiam
705 2459 861 2529 regnum,
892 2459 1025 2526 corona,
1059 2439 1191 2527 tirioro,
1215 2440 1428 2537 phrygium,

200 2545 300 2614 mitra
332 2461 542 2627 aurifrisiata
568 2537 602 2604 r'n
627 2533 744 2606 circulo
768 2530 833 2616 fine
857 2536 972 2621 titulo,
996 2533 1201 2626 adpellatur,
1236 2557 1308 2610 non
1343 2559 1420 2614 tan·

203 2657 279 2711 turn
303 2633 489 2706 utebantur
513 2629 548 2699 in
571 2628 806 2700 coronatione
833 2647 869 2699 et
892 2627 1208 2713 inthronizatione,
1235 2631 1359 2706 sedet
1383 2637 1418 2710 in

89 2788 91 2792 2
205 2725 438 2813 consistorio,
464 2744 503 2796 ac
528 2723 606 2796 sede
629 2722 804 2816 judiciali,
830 2722 970 2820 aliisque
992 2725 1127 2819 magnis
1153 2723 1426 2808 festivitatibus:

205 2853 227 2904 a
253 2851 320 2928 qua
345 2824 431 2897 duae
451 2822 537 2894 aliae
564 2818 687 2892 mitrae
710 2817 976 2912 distinguendae
994 2817 1088 2903 sunt,
1114 2821 1219 2895 altera
1234 2826 1331 2912 alba,
1359 2849 1422 2901 cu.

204 2929 256 3003 'us
289 2924 365 2996 usus
389 2915 439 2991 est
465 2917 588 2989 diebus
613 2913 829 3002 Dominicis,
863 2935 900 2987 et
925 2936 995 2988 non
1019 2914 1174 3004 festivis,
1200 2920 1243 2990 ab
1265 2918 1422 2999 adventu

199 2954 352 3104 bomini
376 3015 419 3087 ad
440 3012 595 3104 vigiliam
624 3011 816 3086 nativitatis
834 3009 983 3084 Domini
1007 3008 1043 3083 in
1070 3011 1241 3122 vesperis,
1268 3037 1424 3115 excepta

204 3114 315 3195 tertia
340 3107 518 3187 dominica
545 3107 590 3180 de
613 3105 786 3196 adventu,
813 3107 915 3180 altera
938 3105 1145 3200 aurifriſsata
1166 3131 1202 3181 tn
1225 3109 1359 3186 circulo
1383 3132 1423 3189 et

203 3217 241 3293 in
265 3211 390 3296 titulo,
425 3205 462 3279 in
489 3203 604 3277 multis
632 3202 880 3277 festivitatibus
903 3203 1032 3276 usitata.
1084 3201 1169 3279 Vid.
1197 3208 1423 3287 caerimonia·

204 3317 239 3394 le
263 3312 485 3387 Romanum,
514 3299 604 3394 jussu
630 3298 797 3393 Gregorii
824 3298 868 3369 X.
897 3297 1132 3391 publicatum,
1173 3318 1208 3373 et
1233 3303 1321 3376 ordo
1344 3308 1423 3382 Ro·

204 3431 328 3488 manus
355 3398 446 3498 apud
469 3395 656 3470 Mabisson.
681 3395 718 3468 in
745 3393 838 3468 Mus.
863 3394 938 3467 Ital.
962 3411 1049 3469 torn.
1077 3397 1127 3470 ΙΙ.
1172 3399 1337 3474 Ceterum
1362 3405 1426 3478 Pa·

204 3532 252 3608 pa
277 3505 416 3581 mitram
445 3491 678 3577 turbinatam,
705 3488 763 3563 seu
782 3513 935 3586 regnam,
960 3488 1029 3562 sert
1054 3489 1092 3566 in
1118 3493 1250 3587 signum
1269 3497 1423 3592 inperii,

204 3607 339 3681 att'trom
362 3587 495 3672 scilicet
528 3610 599 3662 non
629 3585 858 3675 turbinatam,
900 3585 938 3659 in
971 3586 1103 3683 fignum
1135 3590 1343 3682 Pontificii;
1386 3612 1427 3670 ur

203 3701 312 3791 verba
338 3693 466 3769 habent
490 3680 691 3761 innocentii
708 3683 772 3755 111.
791 3681 832 3757 in
855 3683 1013 3756 sermone
1036 3682 1080 3757 de
1104 3685 1138 3758 S.
1164 3686 1352 3782 Sylvestro.

213 3858 217 3867 .
256 3794 289 3900 ᾗ,
312 3785 461 3867 LXXII.
487 3783 577 3877 Papa
605 3777 822 3869 Obtaviano,
848 3771 906 3850 seu
924 3776 1075 3853 Visbore
1092 3782 1182 3868 IV.,
1209 3787 1331 3877 paucis
1346 3786 1427 3864 die.

208 3899 273 3982 bur
299 3884 380 3994 post
404 3883 506 3958 etiarn
530 3875 756 3961 consecrato,
791 3899 810 3947 a
837 3871 946 3949 tribus
973 3894 1110 3972 quoque
1143 3877 1350 3978 Episcopis,
1385 3883 1429 3962 in

207 3981 358 4079 abbatia
391 3973 545 4057 Farsensr
584 3991 696 4069 prope
728 3967 904 4060 Romam,
927 3987 966 4044 ut
1002 3971 1301 4072 chronographus
1334 3979 1429 4056 Rei.

203 4075 486 4197 eberspergeufit
501 4068 632 4170 refert,
654 4068 727 4148 duo
752 4063 791 4145 iti
810 4065 926 4166 Papae
943 4067 978 4144 se
992 4085 1120 4147 mutuo
1136 4074 1425 4151 excommunica·

296 4240 303 4271 t
1207 4229 1211 4240 ’
1321 4186 1426 4272 ma
