3022 4806
1214 521 1218 529 ι

582 622 591 649 ¹
614 626 617 631 ’
639 626 857 720 Secul'XV.
889 632 891 637 ¹
1317 671 1391 752 503

161 801 363 918 praecepit.
411 814 498 894 vid.
532 813 683 892 Bzoviur
711 840 743 892 a.
771 839 876 912 ¹327·
901 815 941 890 In
968 834 1079 916 regno
1103 812 1298 916 Valentino,
1324 834 1386 909 ubl

160 936 268 992 autea
292 937 353 1012 per
376 914 542 991 Vicarioa
568 933 703 987 tantum
729 933 766 985 et
790 911 1051 987 commissarios
1078 925 1309 996 exercebatur
1334 927 1383 1001 sa·

156 1030 258 1086 crum
278 1011 457 1101 officium,
481 1013 665 1105 proprium
683 1006 734 1082 est
751 1007 988 1088 introductum
1006 1033 1073 1107 per
1090 1015 1286 1090 Matrinum
1306 1021 1383 1114 V.,
1505 1065 1510 1089 .

155 1108 203 1182 ad
238 1107 446 1202 postulatum
475 1105 582 1204 ipsrur
606 1105 776 1202 Alphonsr
804 1106 931 1201 Regis,
953 1125 1004 1202 ut
1034 1107 1157 1200 Judaei
1183 1111 1317 1203 scilicet
1342 1136 1382 1193 et

155 1202 280 1278 Mauri
307 1205 441 1300 majore
472 1226 552 1276 cum
587 1200 740 1277 successu
773 1223 1085 1290 converterentur,
1114 1215 1235 1280 verius
1259 1215 1382 1307 oppri-

156 1320 350 1375 merentur.
399 1297 505 1400 Quod
529 1296 660 1372 sallum
686 1296 737 1371 est
762 1321 793 1371 a.
827 1320 932 1388 1429.
960 1299 1043 1372 Vid.
1068 1301 1228 1377 Bzovius.
1254 1308 1321 1381 Sed
1341 1308 1381 1384 iu
1457 1362 1459 1366 ι

150 1395 282 1493 primia
314 1394 541 1469 memoranda
571 1394 624 1466 est
657 1391 839 1490 inquisrtio
874 1393 1079 1488 Hispanico,
1115 1398 1185 1470 hoc
1213 1422 1377 1498 ternpore

151 1513 223 1588 per
253 1510 364 1566 totam
390 1491 599 1587 Hispaniam
624 1507 835 1586 propagata,
866 1492 1036 1584 ampliore
1057 1514 1197 1590 quoque
1221 1519 1351 1598 pompa
1361 1540 1382 1589 ,-
1496 1517 1504 1525 “

150 1609 193 1660 et
217 1587 419 1677 autoritate,
445 1587 544 1680 supra
564 1584 644 1658 alias
662 1609 784 1659 omnes
802 1604 928 1671 terras,
954 1606 1073 1659 ornata
1096 1611 1138 1662 ac
1155 1596 1312 1686 munita,
1338 1613 1379 1670 ut

150 1683 305 1757 Mauros
327 1702 360 1754 et
385 1683 537 1778 Judaeos
561 1681 818 1778 exstirparent,
843 1700 880 1755 et
902 1683 1017 1776 Papae
1035 1680 1193 1758 favorem
1214 1687 1392 1766 demere-1

147 1795 283 1852 rentur.
319 1780 532 1854 Obriuuerat
556 1776 695 1876 quidem
718 1796 817 1851 antea
831 1798 895 1874 per
914 1777 1004 1852 varia
1029 1775 1224 1875 Hispaniae
1246 1808 1379 1883 regua,

148 1875 317 1952 sednon
349 1873 487 1963 omnia,
521 1894 558 1948 ut
591 1871 767 1948 castellam
798 1894 835 1945 et
860 1873 1080 1969 Legionem,
1111 1873 1176 1950 nisr
1202 1876 1297 1954 forte
1322 1881 1374 1957 ibi

149 1971 194 2047 in
222 1970 488 2045 desuetudinem
513 1968 674 2059 venerit,
702 1969 782 2057 sed,
797 1973 914 2043 »variis
937 1972 1006 2045 illia
1021 1968 1141 2067 regnis
1161 1994 1227 2068 per
1252 1978 1375 2072 conju·

150 2065 213 2164 gia
245 2067 315 2140 hoc
345 2065 463 2139 seculo
498 2066 625 2155 unitis,
670 2064 840 2139 Tribunos
872 2068 942 2140 lnoc
972 2065 1166 2155 infernale,
1202 2090 1233 2142 a.
1264 2079 1372 2164 1478.

150 2162 289 2256 ubique
315 2158 366 2234 est
390 2159 599 2247 stabilitum,
625 2161 676 2235 ita
701 2182 839 2249 tamen,
864 2179 903 2232 ut
927 2160 1058 2256 primur
1084 2162 1271 2256 luquisrtor
1299 2168 1373 2241 Ge·

151 2257 301 2348 ueralir,
332 2276 370 2330 et
396 2257 571 2352 supremus
596 2254 832 2352 inquisitionis
849 2255 1017 2346 Senatus,
1051 2276 1081 2331 a.
1101 2267 1205 2354 1483.
1229 2259 1372 2340 demum

151 2353 272 2429 locum
304 2357 491 2448 acceperit.
544 2352 626 2425 Fuit
655 2372 772 2426 autem
798 2353 927 2447 primus
948 2350 1005 2425 ille
1030 2351 1217 2447 Inquisrtor
1250 2358 1372 2433 Gene-

149 2450 234 2524 ralis
258 2449 390 2522 Tomas
413 2448 706 2535 Turrecremata,
729 2471 773 2522 ex
792 2446 928 2522 Ordine
952 2447 1243 2529 Praedicatorum.
1291 2456 1373 2530 Fuit

148 2548 294 2643 quidem
320 2544 402 2618 illud
428 2544 582 2618 officium
610 2544 645 2614 in
671 2541 771 2617 initio
798 2542 1032 2619 Franciscaoir
1056 2564 1094 2617 et
1124 2548 1373 2625 Dominicania

146 2642 419 2729 demandatum,
447 2641 504 2711 sed
530 2637 648 2736 postea
673 2643 716 2714 ad
740 2641 890 2714 Clericus
914 2642 1099 2730 seculares,
1125 2664 1285 2741 tanquam
1305 2654 1369 2720 de·

147 2758 329 2812 creturum
354 2759 390 2810 et
414 2739 528 2830 legum
554 2736 706 2828 peritos,
731 2737 934 2810 devolutum
958 2736 1020 2813 est.
1074 2735 1185 2834 Quam
1205 2742 1374 2817 miseran-1

147 2836 196 2917 da
229 2835 338 2908 abeo
364 2853 526 2926 tempore
551 2831 657 2903 suerit
681 2831 838 2927 inprimis
861 2831 1071 2926 Judaeorum
1096 2851 1132 2903 et
1156 2836 1369 2914 Maurorum

145 2928 245 3018 sorr,
277 2949 321 3002 ex
353 2927 497 3005 historia
521 2926 653 3000 nemini
675 2948 748 2999 nou
772 2945 896 2998 notum
920 2923 982 3001 est.
1034 2927 1201 3001 Omnium
1228 2953 1372 3028 quoque

144 3050 196 3103 eo
221 3027 259 3098 iu
282 3045 391 3121 regno
409 3023 635 3111 severiffima,
660 3027 741 3118 quin
759 3019 946 3109 diabolica,
972 3020 1023 3095 est
1039 3023 1230 3119 inquinem,
1255 3029 1369 3120 adeo,

146 3145 190 3199 ut
227 3143 334 3203 nemu
365 3141 486 3199 contra
520 3116 734 3192 catholicam
764 3117 971 3214 religionem
997 3118 1048 3191 ibi
1075 3117 1206 3195 hiscere
1227 3130 1368 3202 audeat.

146 3220 236 3297 Nec
260 3231 384 3292 'tamen
417 3222 511 3291 inter
542 3215 796 3312 Neapolitanos
830 3238 979 3313 unquam
1015 3212 1188 3290 introduci
1221 3219 1362 3312 potuit,

149 3315 283 3413 quippe
314 3318 358 3388 ab
392 3339 430 3386 ea
463 3311 607 3386 nimium
633 3312 871 3390 abhorrentes.
923 3311 1009 3385 Vid.
1036 3312 1189 3407 Epistola
1215 3314 1370 3393 Tristani

145 3412 341 3487 caraccioli
374 3411 419 3483 de
444 3406 652 3504 lnqnsstionr
685 3409 779 3480 inter
813 3405 999 3502 scriptores
1027 3409 1146 3482 ltaliae
1172 3411 1368 3492 Muratorli·

144 3524 237 3584 tum.
273 3506 412 3592 xxm,
445 3526 482 3579 et
508 3529 552 3579 ex
581 3501 838 3577 recentioribus
862 3502 1013 3575 eximius
1036 3501 1223 3578 historicus
1249 3506 1364 3585 Gian-

144 3624 245 3682 noue
271 3602 309 3675 in
335 3601 477 3676 historia
502 3599 758 3695 Neapolitana,
783 3596 840 3671 lib.
868 3599 1019 3673 XXXsl.

195 3697 228 3797 s.
255 3698 471 3772 CCCCLlX.
506 3695 807 3796 Quemadmodum
838 3692 1024 3793 Inquisitio
1050 3693 1086 3769 in
1112 3693 1220 3778 uariis
1243 3701 1362 3798 regio·

141 3792 322 3874 nibur'est
346 3797 403 3869 vel
428 3792 562 3880 ereda,
589 3793 645 3866 vel
670 3789 896 3880 confirmata,
923 3789 971 3865 src
997 3794 1034 3865 in
1059 3791 1153 3879 aliis,
1181 3796 1364 3888 ubierat,

143 3890 362 3970 horrendum
396 3888 432 3964 iu
465 3889 607 3961 modum
639 3885 764 3962 saeviit
791 3905 828 3960 et
864 3887 1008 3983 grassata
1031 3888 1100 3979 est,
1133 3894 1183 3960 uti
1209 3891 1245 3962 in
1276 3895 1362 3967 De'l·

173 3987 315 4075 hi'natu,
341 3985 519 4072 Flandria,
544 3982 700 4070 Artefia‚
726 4001 762 4054 et
784 3982 867 4056 alibi
884 4004 1064 4059 terrarum.
1102 3985 1295 4079 Wallrnsar
1320 3988 1365 4062 im

180 4073 346 4187 ellim
369 4105 471 4179 cum,
493 4080 770 4255 conuiveutlipur
792 4079 1032 4173 Proceri'uur,
1042 4080 1225 4174 nonnulle
1249 4083 1359 4176 dege.

530 4199 535 4208 ·
728 4192 824 4269 rr4
914 4232 917 4237 .
1258 4197 1366 4281 rent,
