3022 4806
642 609 749 727 Strui.
775 633 888 725 ert
1000 611 1013 616 λη
1050 609 1052 612 ¹
1298 673 1370 757 8¹5
1421 620 1423 624 Ι

136 853 235 908 vero
257 823 384 926 inperii
412 825 546 920 cingitis
565 827 653 920 Con,
680 829 738 900 seu
763 827 901 924 Cingius
926 848 988 904 tex
1011 846 1048 904 et
1070 822 1275 927 inperator3
1301 861 1382 913 no·.

136 953 227 1004 rnen
252 934 347 1000 eninr
374 927 556 1020 proprium
582 923 632 997 est
660 925 814 1019 Cingbis,
839 947 875 996 et
901 927 988 1000 Char
1015 927 1210 1024 principem
1235 934 1291 1006 vei
1309 955 1384 1007 rep·

137 1048 224 1120 gem
250 1027 419 1110 denotat;
460 1043 564 1115 quare
591 1044 710 1095 omnes
744 1023 951 1096 Tatarotum
984 1025 1205 1117 inperatores
1234 1051 1362 1106 nomen

141 1130 246 1197 Cnan
270 1120 506 1205 retinuerunt,
530 1114 614 1190 sicut
632 1119 784 1191 Romani
814 1117 983 1214 Caesaris,
1009 1121 1066 1192 vel
1084 1121 1254 1217 Augusti,
1280 1127 1382 1199 Per··

141 1222 199 1294 iae
223 1215 398 1289 Cnosroae
423 1232 459 1284 et
481 1215 602 1305 Sopbi.
651 1217 678 1286 F
682 1216 827 1288 undavit
859 1239 947 1288 vero
973 1215 1147 1310 inperium
1179 1242 1224 1293 ex
1248 1223 1362 1297 omni·
1395 1289 1398 1306 ,

141 1319 205 1390 but
229 1313 296 1386 iliis
321 1308 457 1407 populis
474 1332 536 1403 per
560 1311 743 1407 Scythiam
770 1334 799 1382 a.
830 1333 956 1404 trop,
982 1312 1119 1405 quando
1149 1316 1192 1389 ab
1221 1317 1360 1391 Uncha·

144 1437 208 1502 no,
235 1410 399 1482 'l‘atariae
423 1404 564 1502 proprie
591 1407 703 1479 uittae
722 1405 904 1500 Principe,
929 1407 1117 1492 deficiens,
1138 1413 1180 1483 ad
1207 1413 1281 1507 ejus
1306 1413 1366 1486 vi·

97 1500 100 1505 ’
148 1510 265 1582 trudas
293 1503 449 1588 insidias,
474 1524 518 1572 eo
543 1500 752 1590 interfecto,
779 1505 886 1596 regniw
910 1501 1134 1576 fundamenta
1156 1506 1257 1599 jecit.
1307 1511 1356 1582 E·

97 1600 101 1655 ἓ
148 1626 219 1679 rant
242 1622 359 1674 autem
386 1597 506 1670 Tatari
541 1619 644 1672 antea
669 1597 877 1694 vectigales,
902 1617 941 1671 et
967 1599 1115 1692 subjedti
1146 1603 1236 1699 Regi
1272 1607 1361 1679 Cha·

152 1704 317 1796 tajorum,
342 1693 399 1766 scu
424 1691 635 1782 sinensium,
671 1695 841 1767 bestialem
866 1696 1038 1788 degebant
1064 1695 1194 1787 vitant,
1234 1719 1271 1772 et
1294 1724 1357 1774 no·

155 1799 263 1871 madet
284 1789 467 1879 Scenitae,
493 1811 615 1860 canum
643 1791 850 1884 luporunrve
874 1792 1017 1886 pellibus
1041 1791 1183 1881 vestiti,
1214 1815 1251 1865 et
1279 1820 1376 1870 πων

154 1896 232 1968 tium
258 1890 471 1981 aliorumque
496 1884 689 1958 animalium
718 1887 877 1960 carnibus
895 1889 1093 1977 vescentes,
1120 1908 1158 1961 et
1181 1891 1231 1961 lac
1249 1917 1377 1988 equa-2

157 2012 217 2062 turn
242 1986 421 2059 bibentes:
457 1999 494 2052 ut
516 1982 644 2053 habent
673 1983 855 2076 Aptonus,
891 2003 928 2053 et
954 1985 1252 2079 Abulpiraragius,
1289 2011 1355 2061 nec

158 2109 210 2160 nna
235 2081 305 2154 fuit
329 2077 488 2150 omnium
512 2076 636 2170 religio
658 2077 808 2171 semper.
858 2077 929 2148 Alii
965 2078 1104 2149 fuerunt
1131 2081 1375 2170 idololitrae,·
1479 2132 1482 2139 -

157 2201 185 2254 et
211 2175 398 2272 imaginum
429 2174 596 2262 cultores,
637 2173 695 2245 alii
731 2196 838 2244 unum
872 2176 1053 2242 coluerunt
1085 2175 1222 2265 Deum,
1261 2180 1352 2272 quod

158 2274 378 2371 cingitis-ean
404 2270 605 2363 praecepit,
638 2269 722 2340 dein
747 2267 831 2340 facti
856 2265 1154 2339 Muhamrnedani.

191 2373 218 2473 5.
243 2365 450 2443 CCLXXII.
482 2365 549 2435 Sed
574 2362 714 2436 fuerunt
741 2386 900 2459 quoque,
923 2361 994 2455 jam
1024 2364 1067 2433 ab
1093 2362 1245 2459 antiquis
1262 2387 1353 2445 tem·

158 2469 307 2565 poribus,
348 2464 540 2546 intereos,
581 2458 669 2530 haud
704 2463 834 2553 exiguo
860 2479 1006 2530 numero
1032 2457 1238 2553 Christiani,
1279 2466 1353 2543 imo
1417 2512 1420 2516 ι

97 2534 108 2629 i
156 2565 262 2639 floruit
285 2558 337 2634 ibi
365 2555 558 2631 Christiana
583 2552 745 2648 profeffiu
771 2556 806 2627 T
806 2553 908 2627 atatis
932 2555 1187 2648 inperantibus.
1240 2562 1352 2659 Insig-

97 2658 106 2737 ἑ
158 2661 197 2734 nit
223 2659 342 2754 utique
376 2651 648 2725 Christianorum
683 2650 802 2725 fautor
830 2650 903 2723 fuit
937 2652 1167 2742 Urcitanus,
1184 2654 1266 2730 alias
1290 2660 1351 2754 Ju-

101 2802 104 2807 -
158 2755 273 2836 hanuet
298 2750 488 2844 Presbyter
512 2744 644 2832 diibus,
672 2745 884 2818 Tatarorum
910 2747 1111 2842 inperator:
1145 2751 1189 2820 de
1213 2757 1349 2848 quoad

102 2914 107 2933 ,
156 2851 292 2948 superius
317 2847 465 2920 seculum
492 2841 557 2936 egi.
609 2843 624 2911 1
654 2839 686 2914 se
712 2843 945 2938 cingitis-ean
970 2839 1197 2915 Christianam
1223 2851 1348 2922 habuit

158 2970 310 3032 uxorem,
335 2963 372 3014 et
395 2935 598 3012 Christianis
622 2866 729 3011 iivtt:
757 2938 850 3034 quod
874 2935 969 3009 idam
996 2936 1156 3010 fecerunt
1182 2941 1247 3014 fitii
1272 2944 1349 3040 ejut

97 3084 110 3157 ᾗ
158 3063 184 3114 et
202 3035 355 3141 posteri,
379 3036 474 3110 inter
497 3058 583 3130 quoa
606 3031 768 3121 fuerunt,
792 3033 849 3126 qui
875 3032 981 3141 fidem
1007 3031 1148 3128 profem
1173 3035 1273 3130 sunt,
1298 3040 1349 3115 uti

158 3136 423 3236 anuch-canus,
450 3153 561 3224 nepos
578 3129 696 3223 magni
714 3129 844 3219 Chatti,
869 3149 929 3225 qut
946 3130 989 3200 ab
1008 3152 1038 3200 a.
1053 3138 1158 3220 1246.
1175 3136 1217 3206 ad
1239 3152 1345 3228 1251.

97 3256 107 3301 t.
157 3237 301 3310 tutibus
334 3227 484 3328 praefuit
509 3226 666 3312 Tataris,
695 3245 837 3298 matrem
864 3223 985 3297 habuit
1013 3246 1154 3323 qunque
1183 3229 1348 3309 Christia-

97 3322 101 3361 ³
156 3345 238 3422 uam,
263 3350 302 3405 et
325 3328 464 3400 Ducem
494 3326 672 3415 copiarum
698 3323 915 3407 Cadachum,
950 3319 1007 3392 seu
1032 3319 1226 3413 Erchaltai,
1252 3329 1349 3426 cujus

156 3427 246 3504 eistat
270 3421 418 3522 epistola
443 3417 485 3490 ad
510 3419 730 3490 Ludovicum
754 3419 837 3505 IX.,
881 3418 1093 3490 Francorum
1130 3439 1268 3515 regem,
1309 3427 1347 3502 in
1417 3435 1418 3438 ’

173 3543 225 3614 ua,
250 3523 345 3596 inter
368 3517 452 3597 alia,
478 3513 586 3601 dicit,
622 3537 727 3606 regem
743 3510 841 3606 suum
862 3515 1011 3605 praecepi
1038 3536 1075 3604 a,
1116 3519 1196 3609 quad
1219 3520 1251 3590 t'tr
1278 3522 1349 3618 Iege

152 3539 206 3690 iia·
228 3644 288 3691 non
303 3614 353 3706 stt
376 3611 564 3709 dffeteutia
599 3613 683 3681 inter
708 3610 887 3694 Latinum,
924 3609 1105 3700 Graecum,
1138 3615 1346 3713 Attianum,

149 3705 382 3812 Nestorianum,
409 3709 631 3802 Jacobt'aum,
655 3723 688 3777 et
712 3729 838 3794 ornnes,
864 3707 919 3797 qui
941 3706 1075 3778 adorant
1108 3732 1256 3801 crucam
1282 3738 1347 3789 om.

145 3820 195 3883 atr
217 3817 319 3898 enim,
345 3807 464 3892 addit,
486 3802 586 3897 sant,
612 3825 707 3874 unam
733 3805 907 3893 aprunos.
957 3801 1045 3875 Vid.
1072 3803 1284 3883 Vincentius
1308 3813 1345 3884 in

105 3939 109 3945 ·
136 3893 261 3991 speculo
285 3901 395 4001 bilior.
445 3901 513 3973 Sed
540 3917 732 3993 propagata
757 3899 867 3970 fertur
884 3895 1077 3972 Christiana
1095 3903 1261 3997 prosessio
1280 3924 1343 4000 pet

141 4009 202 4074 eat
226 4003 389 4098 regiones
421 3992 788 4082 aPraedicatoribus,
831 4015 868 4068 et
895 3994 1105 4086 Minoritir,
1142 3999 1183 4071 ad
1221 4018 1277 4072 eas
1300 3998 1372 4072 ab‘

138 4079 349 4175 Innocentio
375 4095 444 4174 IV.
469 4089 593 4167 rniffit:
627 4086 698 4164 vid.
710 4112 849 4261 lporum
881 4087 1046 4188 epistulae
1076 4095 1168 4192 apud
1195 4096 1347 4264 Rappol-

755 4207 817 4260 ta
1294 4212 1353 4271 um
