3022 4806
661 608 769 683 Sicut.
795 607 830 682 X
834 607 892 688 IV.
1302 641 1377 714 415

156 781 234 878 ipsa
256 781 401 860 essentia
423 801 462 858 et
488 780 690 874 substantia,
718 801 879 882 tanquam
907 786 983 882 ejus
1007 786 1157 880 essessa,
1182 808 1219 863 et
1236 792 1378 872 effluvia

154 880 342 971 naturalia,
383 900 567 955 coaeterna
609 883 747 975 quidem
781 905 817 954 et
853 885 1025 972 increata,
1062 885 1119 958 sed
1157 888 1200 958 ab
1233 888 1376 966 essentia

151 973 310 1068 diversa,
342 997 381 1050 et
405 975 594 1064 inferiora,
626 977 730 1051 instar
753 979 928 1050 radiorum
955 978 1054 1067 solis,
1087 983 1201 1055 asoie
1229 985 1375 1060 distinc-

154 1088 296 1162 torum,
328 1093 364 1145 et
387 1096 430 1145 eo
453 1074 674 1148 inferiorum.
723 1076 798 1147 Has
826 1096 913 1146 vero
942 1077 1115 1169 potentias
1145 1079 1213 1150 Dei
1243 1081 1372 1155 statue·-

151 1185 238 1240 runt
261 1167 333 1242 effe
354 1166 553 1242 effeiirices
577 1173 691 1242 causas
714 1193 846 1258 rerum,
873 1194 962 1266 quae
985 1190 1122 1244 creatae
1147 1177 1244 1262 sunt,
1270 1199 1373 1269 quae·

151 1283 224 1358 que
246 1265 496 1340 conservantur
520 1285 555 1338 et
580 1267 794 1359 diriguntur,
819 1264 981 1360 adpellari
1006 1267 1113 1339 etiam
1142 1270 1240 1364 posse
1264 1273 1373 1358 seira·

151 1388 212 1436 sae
233 1359 398 1435 Deitatis.
447 1359 785 1456 Vid.N1eepirorus
821 1361 997 1456 Gregoras
1023 1361 1116 1435 Hrst.
1156 1368 1177 1437 i.
1205 1367 1310 1442 XVI:
1336 1393 1372 1461 5.

151 1455 253 1532 XIX:
282 1481 315 1551 3.
341 1475 377 1531 et
400 1457 481 1531 XX:
511 1478 544 1528 2.
594 1459 782 1530 Tenebunt
808 1480 934 1550 porr0,
959 1460 1073 1550 quoad
1091 1460 1229 1534 aiteram
1252 1467 1371 1559 quaes·

150 1549 311 1640 donem,
329 1554 464 1638 iumen,
487 1575 558 1647 quo
575 1551 683 1625 cinni
702 1554 831 1625 suntin
851 1571 971 1625 monte
983 1552 1142 1647 Apostoli
1160 1581 1238 1631 curn
1259 1561 1374 1636 Chris·

151 1666 213 1737 to,
262 1645 334 1722 esse
369 1648 568 1744 ipsissimum
610 1652 677 1720 taie
719 1647 883 1722 essentiae
916 1646 986 1720 Dei
1026 1647 1202 1726 effluvium
1237 1656 1372 1733 increa-

150 1760 248 1833 tum,
285 1766 355 1839 quo
385 1763 424 1817 et
458 1746 553 1818 beati
585 1742 743 1818 fruuntur
776 1748 812 1816 in
844 1747 966 1832 coeio,
1007 1764 1044 1818 et
1082 1746 1118 1817 in
1151 1772 1219 1842 quo
1252 1751 1373 1830 Deum

151 1840 298 1930 vident,
338 1860 380 1914 ac
409 1837 639 1936 participant,
679 1863 759 1913 curn
785 1841 859 1936 ipsa
882 1837 1025 1912 essentia
1053 1839 1125 1913 Dei
1158 1865 1224 1917 nec
1250 1847 1368 1922 vi'fibi·

147 1933 191 2009 iis
226 1933 268 2008 sit
302 1956 371 2010 nec
409 1934 607 2034 participari
650 1937 763 2031 possit.
814 1936 969 2009 Videtur
1009 1936 1138 2009 horum«
1186 1941 1372 2018 hominum

149 2030 355 2139 hypothefis
386 2031 504 2121 suffe,
536 2030 700 2106 essentiae
726 2032 877 2106 Divinae
901 2030 983 2125 quid
1006 2031 1192 2128 corporei,
1218 2041 1272 2109 vei
1297 2061 1369 2116 rna·

146 2128 301 2217 terrulis,
326 2128 456 2205 inesse:
486 2144 526 2202 ut
557 2127 750 2204 Beausobre
784 2126 858 2200 hist.
894 2127 1056 2198 Manich.
1084 2151 1118 2221 p.
1145 2129 1191 2202 is.
1218 2154 1251 2221 p,
1276 2158 1364 2227 470.

143 2220 219 2333 iam
253 2221 478 2317 observavit,
508 2245 594 2321 quae
624 2225 814 2298 multorum
845 2241 986 2318 quoque
1018 2220 1162 2297 Parrum·
1190 2222 1256 2301 suit
1291 2230 1366 2328 opi.

150 2338 225 2394 mo.

163 2411 493 2511 ·§.cccnxx11.
534 2415 756 2519 Quaestione
785 2414 852 2488 hac
882 2411 976 2488 inter
1006 2413 1196 2505 P'niamam,
1233 2415 1365 2496 More·-

145 2508 295 2584 dsorum
319 2530 530 2607 patronum,
570 2531 608 2586 et
636 2515 869 2600 Barlaamum,
911 2531 1033 2582 eorum
1066 2512 1300 2587 accusatorem
1324 2535 1368 2591 et

142 2607 400 2698 adversarium,
426 2628 542 2697 mota,
573 2626 612 2682 et
636 2631 698 2705 pen
728 2630 798 2681 tres
821 2627 929 2679 annos
955 2606 1105 2702 agitata,
1132 2608 1292 2704 Synodus
1311 2609 1369 2687 est

142 2725 170 2775 a
186 2702 352 2798 Johanne
371 2706 563 2778 patriarcha
588 2706 687 2779 CPoi.
715 2702 845 2777 innius
869 2727 903 2776 a..
930 2723 1056 2795 1341.‚
1080 2702 1142 2775 cui
1165 2703 1236 2797 ipse
1263 2720 1369 2796 prae-¹

142 2799 260 2888 sedit,
286 2818 325 2872 et
348 2802 573 2875 Andronicus
591 2804 774 2895 inperator
798 2798 958 2893 praesens
982 2798 1113 2882 adsuit,
1139 2799 1196 2870 sed
1221 2801 1304 2891 quid
1322 2801 1367 2876 in

142 2917 185 2967 ea
208 2892 325 2967 aslum
350 2916 386 2967 et
410 2900 590 2970 decretum
615 2897 675 2986 sit,
709 2916 849 2968 autores
879 2892 1093 2965 dissentiunt.
1142 2896 1218 2989 ipse
1247 2895 1366 2969 Patri-

142 2991 363 3086 arena-apud
387 2993 544 3066 Leonem
568 2993 731 3067 Asiatium
766 2991 787 3062 i.
815 2992 877 3061 cit.
902 2986 1027 3074 tradit,
1071 2989 1277 3061 Barlaamum
1305 2991 1359 3066 su·

141 3084 208 3162 isse
230 3085 374 3167 duobus
390 3090 427 3162 in
450 3090 623 3183 capitibus
655 3088 873 3170 damnatum,
915 3083 1025 3177 quoad
1055 3083 1171 3157 lumen
1199 3086 1360 3161 Tabore-

141 3204 201 3265 usn
227 3200 265 3257 et
289 3181 494 3258 Orationem
504 3207 520 3259 :z
555 3204 733 3281 praeterea
760 3181 899 3275 utrique
924 3177 1028 3270 parti,
1072 3200 1108 3251 et
1131 3181 1286 3255 Palamae
1318 3192 1363 3260 eti

138 3278 348 3370 Barlaami),
383 3279 556 3355 fiientium
587 3278 800 3379 inpofituma
835 3276 879 3348 de
911 3272 992 3367 ipsis
1024 3298 1118 3347 nero·
1135 3276 1361 3373 dogmatibus·

141 3373 381 3448 controversis
403 3376 490 3450 nihil
512 3375 648 3470 assum,
686 3394 746 3449 aut
770 3372 965 3444 definitum.
1018 3370 1146 3442 Refert
1169 3396 1257 3457 vero
1281 3375 1354 3449 Ni·

142 3468 250 3564 ceph.
269 3470 341 3545 Gre
368 3496 446 3547 oras
460 3474 481 3548 i.
500 3473 562 3547 XI:
585 3495 662 3557 10.‚
686 3471 728 3544 ad
746 3464 961 3562 Inperator-is
976 3485 1097 3538 nutum
1116 3467 1358 3562 quaestionem

142 3582 280 3640 tontum
305 3492 375 3643 esfe
396 3568 607 3667 propostam
637 3566 682 3641 de
709 3570 911 3656 precatione,
935 3584 1023 3659 quae
1048 3582 1141 3647 vero
1157 3563 1199 3651 ad
1224 3562 1363 3664 myste··

137 3661 192 3738 ria
217 3662 442 3760 Theologica
467 3666 665 3758 pertinent,
680 3661 817 3757 filontio
841 3662 1074 3753 tegioportero
1097 3658 1198 3752 nismn
1220 3661 1360 3758 frisse,¹

138 3760 313 3855 m‘qstos
330 3759 436 3861 sacra
458 3762 652 3857 incongrue
671 3758 825 3856 mysteria
843 3754 992 3851 profanis
1015 3756 1105 3851 nnigi
1127 3761 1262 3832 auribus
1285 3774 1363 3830 nnn¹

135 3855 312 3950 ingerenda
327 3857 444 4028 ciunt,
468 3872 557 3947 tum,
582 3883 621 3932 no
636 3859 833 3941 Barsaumo,
850 3856 950 3946 inepti
966 3855 1029 3926 oris
1044 3852 1194 3927 es'animi
1207 3857 1364 3927 rationes?

136 3950 306 4042 reddente,
366 3955 496 4028 nsanos
527 3953 853 4049 etiann·biaspietnoe
883 3965 913 4022 et
943 3950 1132 4040 inportunae
1159 3948 1356 4043 Tsieosogioo‘

137 4064 214 4163 rent
225 4047 391 4149 uisuntur
410 4048 513 4153 ‘ff‘s‘
524 4058 625 4148 atqu
644 4052 815 4235 ῖηόἕᾶοὲ
823 4064 894 4142 pne
915 4060 949 4123 es
972 4049 1077 4121 bonus.
1096 4045 1189 4137 ordo,-
1221 4040 1377 4212 quoiam.
