3022 4806
677 628 785 707 Serui.
810 631 892 712 XV.
1319 653 1394 725 με

169 800 314 903 fragam
337 803 456 882 denno
482 822 656 883 tentarent
680 811 856 898 oblidere,
893 833 962 906 pax
986 806 1079 883 inter
1108 804 1284 901 eosfaila·
1311 802 1386 896 est,

170 925 216 979 ut
237 903 416 978 communi
440 901 528 977 hosti
560 907 768 982 resisterent.
814 909 996 1000 inperator
1024 905 1139 993 enim,
1180 905 1285 976 tribus
1307 903 1382 975 col·

167 999 272 1076 letti·
294 998 526 1089 exercitibus,
560 1023 596 1073 ut
622 1004 729 1077 finem
756 1005 908 1074 motibus
934 1000 1070 1072 tandem
1096 1003 1298 1097 inponeret,
1324 999 1380 1070 in·
1493 1050 1496 1056 -

169 1091 292 1171 measa
321 1094 503 1168 hominum
538 1099 637 1192 copia
677 1109 799 1183 contra
841 1120 900 1170 eos
939 1097 1109 1169 tendebat.
1165 1095 1253 1180 Sed,
1278 1088 1380 1214 quod

169 1191 251 1290 quir
273 1187 431 1284 stupeat,
455 1187 572 1265 hostes
596 1192 664 1283 illi,
698 1195 824 1304 panico
847 1188 1003 1288 correpti
1018 1214 1174 1288 pavore,
1195 1189 1272 1263 solo
1295 1189 1377 1262 ΔΖ·

168 1290 314 1364 citarum
338 1282 526 1377 conspeeltr
558 1289 789 1377 consternati,
827 1286 868 1360 in·
893 1287 1010 1383 fugam
1040 1288 1075 1361 l'e
1109 1286 1298 1372 dederunt,
1338 1299 1381 1355 et

164 1385 335 1480 opulenta
359 1378 466 1454 callra
490 1378 570 1477 ipsrr
592 1385 804 1480 reliquerunt
844 1405 872 1458 a.
903 1404 1028 1475 ψῃ,
1060 1382 1134 1480 qui,
1173 1405 1236 1456 eos
1262 1377 1377 1479 perse·

160 1477 262 1567 cuti,
287 1496 339 1550 ma
389 1498 444 1548 am
472 1475 515 1548 iis
539 1476 730 1553 intulerunt
755 1479 899 1553 cladem.

215 1572 249 1670 §.
273 1573 331 1646 CC
361 1571 540 1646 CLXXV.
584 1576 709 1649 Omnia
732 1575 877 1672 praelia,
911 1596 1033 1646 omnes
1055 1570 1320 1660 destruiliones,
1351 1592 1376 1646 a

164 1667 314 1747 Zizcitis
337 1664 501 1755 effectas,
532 1690 711 1760 enarrare,
737 1693 816 1745 cum
843 1666 949 1743 nostri
972 1692 1042 1742 non
1069 1667 1109 1741 lit
1135 1667 1304 1756 inllituti,
1326 1665 1373 1740 ad

162 1789 224 1842 rer
237 1762 417 1861 religionis
430 1761 551 1838 redeo.
599 1766 809 1854 Taboritae,
835 1765 1015 1859 Orphani,
1035 1782 1070 1836 et
1087 1763 1269 1860 Pragerrses
1284 1784 1374 1834 eon·

161 1879 310 1938 ventum
340 1864 504 1947 a.1428.
536 1859 749 1935 celebrarunt
783 1860 924 1955 quidem
955 1862 1130 1948 Peronae,
1172 1860 1214 1931 ad
1243 1856 1377 1931 diffidis

160 1953 351 2053 religionis
373 1953 468 2025 inter
491 1950 527 2024 se
548 1958 808 2051 componenda:
824 1962 828 1967 '
842 1956 918 2045 sed,
943 1978 1022 2030 curn
1048 1955 1263 2040 Tiberinae,
1289 1972 1371 2025 eum

160 2054 268 2129 Duce
293 2049 353 2122 suo
376 2045 549 2157 Procopio
571 2053 728 2148 Magno,
770 2051 898 2125 milium
926 2051 996 2123 fine
1028 2049 1121 2123 stolis
1149 2046 1369 2122 sacerdotali·

162 2149 251 2237 uns,
278 2144 347 2219 sine
376 2145 576 2237 elevatione
598 2165 633 2218 et
648 2148 849 2223 adoratione
868 2146 985 2242 panis,
1009 2165 1172 2241 urgerent
1196 2145 1371 2216 celebran-

162 2241 264 2331 dam,
290 2243 424 2335 septem
450 2240 897 2334 respuerentsacramenta,
919 2263 986 2313 nec
1008 2241 1045 2314 in
1073 2238 1241 2333 capitibus
1264 2237 1307 2310 de
1331 2235 1374 2310 li·-

151 2340 252 2415 “bero
276 2333 438 2423 arbitrio,
467 2333 739 2429 justificatione,
765 2360 805 2409 ac
831 2333 1165 2423 praedesti-natione,
1190 2358 1270 2408 cuni
1287 2335 1369 2408 Pra-

160 2429 596 2530 genffouseonvenirem,
641 2432 724 2506 licet
753 2433 836 2528 quid
866 2456 935 2505 una
956 2433 1108 2505 alterave
1134 2453 1211 2530 pars
1235 2433 1280 2506 de
1305 2429 1368 2504 tri·

159 2536 227 2610 bus
251 2525 319 2600 illia
340 2523 511 2618 capitibus
539 2528 668 2600 ultimis
690 2529 852 2615 senserit,
883 2549 955 2601 non
985 2525 1141 2618 constet,
1173 2543 1374 2600 conventus

156 2624 237 2702 fine
261 2623 331 2696 ullo
352 2618 468 2692 frusto
490 2618 541 2692 est
566 2622 744 2720 abruptus
793 2621 983 2697 Taburitae
1007 2622 1093 2697 dein·
1121 2643 1157 2695 et
1186 2620 1369 2717 Orphani,

125 2710 335 2813 ..nimquam
360 2711 489 2809 quieti,
516 2714 585 2788 sele
602 2719 647 2791 ad
670 2719 769 2792 solita
785 2719 937 2791 vastandi
962 2717 1116 2791 facinora
1135 2736 1366 2813 receperunt,

156 2819 262 2893 miras
283 2810 409 2886 caedes
432 2832 472 2882 ac
489 2814 698 2886 vallationes
723 2838 782 2909 per
805 2813 979 2900 Silesiam,
1006 2810 1193 2899 Misniam,
1217 2813 1366 2903 aliasque

156 2907 343 3009 regiones,
379 2905 448 2978 hoc
479 2924 516 2978 et
543 2909 707 3004 sequente
736 2931 848 2997 anno,
878 2906 1165 2979 circumferentes.
1219 2906 1373 3004 Quando

156 3028 258 3087 nova
277 3002 315 3076 in
338 3022 401 3073 eos
419 2998 615 3098 conscripta
638 3003 689 3077 est
715 3027 746 3077 a.
779 3025 882 3096 raqr.
907 3001 1091 3093 expeditio·
1107 3000 1279 3091 mndata,
1306 3021 1364 3071 or·

155 3103 245 3183 dine
276 3094 408 3183 tertia,
447 3097 627 3190 inperator
663 3121 800 3196 qnoque
833 3096 994 3171 Comitiis
1024 3096 1371 3197 Norinbergensrbus

133 3199 288 3281 -bellum
311 3191 470 3265 omnibus
494 3191 626 3267 viribon
649 3198 836 3290 gerendum
872 3193 1038 3268 decrevit.
1087 3194 1185 3292 Quae
1210 3194 1369 3268 conamiae

155 3318 206 3374 na
228 3286 318 3365 hand
341 3285 540 3376 meliorem,
580 3311 621 3362 ac
646 3289 910 3385 praecedentia,
951 3288 1139 3361 habuerunt
1163 3288 1368 3367 successum.

155 3390 266 3467 Toto
282 3381 371 3456 enim
388 3381 565 3473 exercitu,
591 3403 771 3479 antequam
791 3384 948 3457 Hulsrtae
973 3386 1010 3456 in
1026 3385 1216 3481 conspeetu
1234 3387 1368 3478 essent,

151 3484 206 3564 ita
227 3477 436 3575 trepidaturn
461 3474 532 3567 est,
567 3498 604 3551 ut
627 3481 851 3575 praecipitem
879 3478 954 3552 sese
979 3480 1015 3551 in
1042 3480 1157 3576 sogam
1182 3483 1364 3570 dederint.

136 3573 351 3657 'Cardinalis
371 3569 503 3668 quidem
528 3576 677 3670 Legatos
705 3575 866 3686 quicquid
900 3594 1037 3671 poterat
1059 3577 1169 3676 lecit,
1213 3599 1250 3653 ut
1274 3579 1371 3678 fugi·

151 3692 259 3754 entes
278 3667 463 3753 retineret,
491 3687 529 3740 et
551 3669 586 3743 in
608 3667 724 3744 hostes
747 3692 939 3762 animaret,
960 3669 1018 3743 l'ed
1036 3673 1205 3765 B'oltemi,
1230 3701 1290 3751 eos
1305 3680 1360 3751 in·

150 3768 347 3853 vadentes,
383 3761 461 3857 post
485 3763 665 3858 ingentem
694 3765 735 3841 iis
756 3766 922 3840 inflislam
963 3766 1117 3858 cladem,
1154 3773 1190 3845 in
1223 3790 1365 3871 turpem

153 3866 386 3961 coniecerunt
409 3857 549 3951 fugam,
584 3861 722 3958 seseque
746 3861 908 3938 inmensis
933 3862 1050 3954 spoliis
1073 3864 1237 3942 ditarunt.

203 3954 548 4057 §.cccclxxvi
583 3957 762 4045 Tandem,
787 3980 866 4031 cum
892 3959 1016 4032 eodem
1034 3977 1156 4035 tenore
1173 3979 1368 4058 pergerent

154 4051 341 4148 riuum,
367 4071 434 4127 aec
454 4071 521 4149 per
542 4071 638 4129 uma
660 4050 779 4140 vinci,
803 4075 862 4125 aar
885 4054 921 4133 in
941 4052 1101 4136 ordinem
1126 4055 1265 4154 redigi,
1288 4054 1371 4151 pos.

731 4147 887 4247 ‚Vvva
965 4178 993 4203 <
1275 4154 1380 4257 teat,
1410 4198 1491 4524 ι
