3022 4806
122 662 218 741 250
528 638 677 737 dsrlieria
698 634 827 739 Errdefi
853 636 972 739 anast.

134 838 219 894 ’non
242 816 419 907 obstante,
443 818 537 916 quod
559 820 649 915 Papa
670 819 892 895 Maithaenni
906 816 1217 914 chmirm,
1240 820 1356 901 Gibeii

150 917 244 990 linae
268 918 430 990 metronis
455 920 601 1002 ducein,
628 920 848 990 anathemate
872 915 1091 1008 devinxerit,
1116 940 1155 993 et
1172 920 1349 1011 haeresint,

151 1033 189 1085 et
215 1014 450 1106 pertinaciae,
477 1013 511 1084 iu
538 1011 721 1083 retinendo
738 1011 864 1109 inperii
880 1009 1060 1086 vicariatu
1075 1020 1169 1112 apnd
1187 1019 1349 1090 Mediola-

151 1110 293 1197 nenses,
308 1109 418 1182 causa.
466 1108 577 1202 Papa,
596 1107 688 1178 hisce
703 1111 949 1196 exacerbatus,
965 1111 1168 1185 monitorio
1183 1118 1225 1184 nd
1243 1112 1347 1185 Ludo-

151 1206 269 1275 vicum
291 1202 416 1291 milio,
443 1207 534 1297 apud
562 1200 776 1296 Raynaidiim
794 1227 825 1277 a
846 1224 974 1299 ¹3²3w
994 1205 1034 1275 ei
1051 1204 1182 1302 inperii
1198 1204 1344 1280 adminis-

150 1303 363 1382 tritionein,
390 1298 647 1372 Gibeiiinornm
670 1297 932 1387 defensionem,
955 1298 1170 1376 acsubditie
1192 1301 1343 1376 obedien·

147 1395 233 1465 tiam
283 1392 455 1484 inhibuit,
483 1395 544 1467 sub
568 1414 682 1488 poena
697 1394 948 1482 anathematio,
965 1395 1082 1468 donec
1098 1400 1223 1472 eiediio
1239 1398 1339 1471 Ludo·

148 1488 221 1560 viri
271 1487 408 1579 ‘i'cuisa‚
433 1508 468 1561 et
491 1512 511 1561 a
528 1491 618 1584 Papa
633 1488 857 1575 confirmata,
875 1488 977 1577 esset,
1000 1490 1125 1564 addito
1139 1496 1242 1566 trium
1257 1498 1339 1564 nied·

146 1582 233 1655 fiurn
266 1584 433 1658 termino.
483 1585 549 1659 Cui
578 1584 801 1656 declarationi
837 1584 1040 1658 ludovicus
1072 1588 1160 1662 duae
1193 1583 1337 1684 opposui

142 1677 411 1772 protestationes
427 1682 471 1753 de
487 1679 632 1754 consilio
640 1678 862 1771 Principum,
875 1680 1153 1776 Episcopum,
1172 1698 1212 1756 et
1223 1680 1336 1757 notio·

146 1794 247 1866 rum,
272 1779 396 1873 quibui
419 1776 613 1874 legitimam
637 1777 779 1868 quidem
796 1774 1033 1849 obedientiam
1055 1778 1193 1872 Papae,
1217 1774 1333 1852 nidd

146 1870 366 1945 orthodoxae
381 1870 552 1944 sireninin
572 1867 811 1943 defensionem
828 1870 1007 1966 promisit,
1034 1872 1091 1946 sed
1117 1873 1218 1948 simui
1239 1872 1332 1946 aetii

144 1971 258 2057 ravit,
282 1965 336 2055 se,
361 1967 516 2061 legitime
539 1965 713 2053 electum,
739 1987 810 2038 non
837 1968 997 2063 indigere
1022 1968 1138 2064 Papae
1165 1970 1333 2043 consinii·

143 2065 263 2154 tione,
283 2084 349 2139 nec
357 2062 420 2137 sibi
431 2059 967 2152 constare,Vice·comitern,et
982 2062 1085 2153 aiios,
1101 2063 1333 2160 qnneinciie'i·

142 2162 252 2233 teiam
275 2161 487 2255 susceperat,
515 2154 686 2233 haeresint
709 2156 780 2229 effe
803 2158 1073 2247 condemnator,
1097 2160 1215 2232 autin
1232 2158 1335 2234 Eue!-

143 2251 227 2326 iiam
247 2257 448 2350 perdueiier.
473 2255 530 2327 Ad
548 2275 654 2349 quae,
675 2254 785 2347 ipsurn
803 2254 899 2324 omni
911 2254 1010 2348 jure,
1035 2270 1082 2325 ex
1098 2255 1335 2330 eiectionem

138 2364 200 2432 to,
226 2351 402 2442 privatum
434 2349 620 2421 declaravit
644 2349 756 2442 Papa,
779 2348 881 2442 eique
895 2357 975 2420 airas
993 2366 1147 2441 poenae,
1172 2350 1237 2425 nisi
1253 2358 1335 2426 mii·

139 2440 231 2514 datia
253 2445 432 2529 obediret,
458 2442 661 2514 intentavit
713 2440 817 2540 Quod
841 2442 968 2515 accidit
988 2462 1018 2516 n.
1042 2464 1149 2536 1324.

188 2537 221 2634 s.
249 2537 400 2610 cccix.
425 2539 553 2609 Secuta
583 2559 669 2608 mox
691 2535 742 2609 est
769 2538 995 2611 anathematis
1027 2538 1204 2616 sententia
1224 2543 1267 2618 in·
1282 2544 1338 2617 id

139 2631 326 2719 donicum,
353 2649 389 2702 et
415 2629 550 2725 publica
575 2629 665 2703 inter
688 2654 750 2704 eos
771 2632 916 2707 divifio:
944 2635 1147 2710 Ludovicnn'
1169 2637 1264 2713 enim
1283 2622 1340 2715 sest

138 2729 276 2825 Papae,
302 2749 340 2803 et
367 2725 502 2822 scriptis
520 2745 557 2798 et
574 2726 690 2813 fadis,
716 2728 825 2820 palam
844 2731 1019 2823 opposuit.
1045 2730 1268 2808 Acerrimani
1286 2732 1340 2809 iiii*

140 2848 210 2922 que
235 2849 282 2898 eo
308 2846 467 2917 ternpore
493 2827 527 2894 in
552 2823 729 2917 publicum
757 2819 847 2893 misit
862 2824 1041 2917 epistolam
1061 2848 1188 2903 contra
1203 2831 1338 2924 Papam,

138 2945 207 3017 qur
231 2944 310 2993 eum
340 2919 508 2993 haeresint
527 2939 566 2991 et
593 2921 777 2991 multorum
806 2917 1086 3015 criminumegit
1104 2944 1228 3015 reum,
1251 2922 1339 2998 simui

138 3022 182 3089 ad
208 3017 369 3110 generale
394 3014 580 3088 concilium
604 3014 825 3111 provocavit.
859 3013 991 3089 Prostat
1015 3018 1048 3088 in
1073 3018 1156 3112 Pap.
1176 3020 1342 3094 avenioni.

135 3113 205 3184 vit.
232 3110 359 3182 Baiuzii
386 3126 470 3184 torn.
502 3112 549 3184 ii.
577 3135 609 3186 c.
639 3132 697 3203 75.
745 3111 872 3183 Enorti
895 3112 997 3185 etiam
1023 3114 1112 3187 varii
1139 3113 1345 3204 suntdostd

163 3207 196 3277 ui
212 3205 344 3300 Inperii
360 3205 435 3300 jura
452 3226 575 3280 contra
594 3203 827 3302 tyrannidem,
846 3225 881 3275 et
901 3207 1347 3304 usurpationem,Papaiem

135 3229 279 3376 diendo
303 3301 376 3373 sunt
403 3303 507 3390 tuiti,
526 3301 578 3374 nii
593 3305 727 3376 Dantes
743 3301 931 3395 migetius,
961 3303 1183 3378 Florentinur
1198 3305 1349 3382 wimer

135 3420 213 3471 rnus
231 3396 388 3485 Orkam,
415 3399 597 3492 dequibus
615 3399 732 3489 snpra,
756 3399 931 3492 Jonannes
949 3398 1143 3492 Jandunus‚
1169 3401 1348 3494 Pauiiuor',

136 3493 314 3566 Marsilius
345 3494 390 3565 de
417 3494 548 3581 Padua‚
576 3493 633 3565 vel
663 3493 855 3566 Patavinus.
908 3493 1066 3595 Quorum
1100 3494 1227 3587 scripta
1259 3500 1349 3594 apud

135 3584 339 3662 Goidastum
369 3588 410 3660 de
438 3586 650 3661 Monarchia
674 3586 827 3677 exstant,
852 3593 950 3661 etin
975 3588 1139 3686 Fasciculr
1164 3612 1276 3666 reram
1286 3593 1349 3687 fii*

138 3683 329 3783 giendciriim
355 3700 389 3751 et
404 3685 673 3773 expetendorum:
701 3681 756 3757 sed
774 3685 899 3776 quibus
916 3704 1037 3759 notam
1054 3685 1189 3775 inussit,
1218 3710 1257 3761 et
1273 3700 1350 3767 anai

140 3787 258 3856 thema
281 3774 421 3857 infixit,
447 3776 545 3870 Papa.
571 3780 754 3851 Praeterea
769 3777 972 3852 Luduvicur
990 3783 1023 3853 in
1040 3766 1168 3855 italiam
1188 3805 1219 3857 a.
1244 3790 1350 3880 1327.

165 3873 314 3950 rosesius
327 3927 337 3960 ,
350 3869 567 3943 Tridentino
583 3871 717 3944 iudidio
732 3893 935 3965 conventu,
955 3877 1150 3972 Iohannem
1169 3882 1217 3952 ob
1229 3880 1352 3955 haere*

136 3903 207 4064 din,
230 3971 266 4046 in
299 3966 414 4065 specie
443 3967 488 4038 ob
520 3965 632 4039 editas
664 3966 933 4044 constitutiones
955 3990 1079 4044 contra
1105 3988 1353 4071 paupertatem

131 4068 283 4162 Christi,
313 4064 457 4166 aliaque·
478 4063 527 4140 on
551 4061 681 4161 eapti,
706 4061 889 4165 indignum
915 4067 1171 4164 pronunciarit·
1196 4068 1351 4148 nontin

145 4204 151 4221 ·
668 4212 687 4234 ··
767 4192 781 4209 ·
1250 4186 1354 4263 cara,
