3022 4806
143 608 223 678 J1'4
531 575 829 680 odoramnus.
854 577 969 678 Christ.

139 761 273 862 suorum
295 762 470 857 portionem
495 781 555 834 non
591 762 783 851 contulerit,
817 776 849 837 el
882 757 1094 854 rrgr'r'trlrodr'e
1124 753 1252 831 divitiis
1265 770 1368 850 grae·

143 859 324 957 stairnons
343 857 429 950 stne:
462 857 546 928 dein
577 860 673 931 ada.
706 879 810 948 1244.
844 881 881 952 p.
916 880 995 948 144²·
1027 860 1065 930 in
1101 853 1368 927 Clrrilliamtate

144 955 297 1028 naburlle
327 978 388 1026 eos
422 975 551 1025 novem
586 953 691 1027 millia
724 962 967 1042 maneriorum,
991 953 1051 1025 seu
1085 953 1368 1035 habitatronum,

144 1073 227 1125 eum
265 1070 359 1125 certa
389 1051 462 1144 agri
499 1045 715 1144 poffeffione.
773 1050 929 1135 Diuitias¹
965 1071 1050 1120 vero
1083 1068 1228 1121 autores
1260 1044 1369 1131 ¹citati

145 1148 323 1222 testantur
360 1142 460 1217 furll'e
493 1166 590 1239 paret
623 1145 746 1241 regiis:
778 1149 889 1219 ,dgjca
913 1145 1102 1219 Gulielmua
1135 1141 1290 1236 Tyrius,
1323 1161 1370 1211 ne

151 1245 371 1342 provinciam
398 1241 539 1336 quidem
565 1240 634 1314 ell'e
661 1266 698 1315 m
727 1246 813 1315 orbe
840 1239 1053 1327 Christiano,
1079 1261 1164 1334 quae
1192 1244 1370 1308 bonorum

145 1337 352 1436 portionem
381 1337 417 1409 in
453 1358 513 1406 eos
538 1357 608 1408 non
634 1337 834 1412 contulerit.
887 1338 988 1434 Quae
1017 1358 1105 1429 oper
1134 1330 1262 1430 partim
1291 1337 1371 1405 lunt

153 1453 250 1506 ortae
275 1456 294 1504 a
319 1428 547 1526 superstitiosa
572 1434 845 1506 Christianorum
873 1432 1095 1515 liberalitate,
1120 1429 1247 1525 partim
1266 1428 1372 1515 inde,

149 1532 242 1638 quod
268 1528 448 1622 Principes
475 1528 543 1599 viri
570 1530 711 1602 uomina
739 1532 797 1601 lua
824 1529 941 1601 ordini
975 1528 1150 1614 dederint,
1188 1528 1247 1620 qui
1280 1526 1375 1597 bona

153 1630 211 1696 lua
236 1623 349 1695 secum
371 1624 407 1694 in
433 1645 511 1694 eum
537 1626 700 1698 tulerunt.
748 1623 907 1697 Eminuit
940 1637 1056 1694 autem
1090 1622 1185 1692 iuter
1209 1620 1371 1693 liberales

141 1715 225 1791 ¹illos
249 1717 389 1791 datores
418 1718 621 1792 Ludovicua
645 1719 758 1808 Vll,
790 1719 978 1792 Galliarum
993 1716 1096 1804 Rex,
1121 1714 1265 1810 ejusque
1292 1713 1370 1789 suc·

150 1813 264 1887 cellor
296 1812 476 1908 Philippus
513 1813 582 1901 ll.,
621 1811 680 1908 qui
712 1813 836 1888 summi
867 1836 987 1900 eorum
1020 1811 1173 1885 fautores
1210 1810 1366 1884 fuerunt.

151 1911 219 1983 Sed
243 1927 279 1980 et
302 1908 387 1980 hinc
416 1904 546 1979 factum
569 1905 639 1996 est,
672 1909 766 2003 quod
791 1906 1008 2003 Templarii,
1033 1907 1092 2003 qui
1120 1906 1158 1979 iu
1182 1906 1366 2001 principio

135 2003 274 2078 ‚statum
309 2002 406 2076 suum
431 2005 603 2096 praeclare
631 2001 708 2076 sunt
735 2003 837 2093 tuiti,
868 2001 1065 2077 defecerint
1096 2002 1138 2075 ad
1167 2001 1367 2081 suethiam

152 2101 323 2197 primum,
365 2117 403 2170 et
431 2098 511 2170 dein
538 2100 579 2171 ad
608 2099 777 2172 summum
807 2103 935 2176 lurtum.
983 2102 1077 2172 Inter
1100 2028 1285 2194 superine
1311 2099 1366 2172 in·

149 2194 240 2270 ditia
265 2195 353 2286 fuit,
379 2193 469 2290 quod
489 2194 706 2269 Patriarchae
725 2192 1056 2293 llietosolymitani‚
1082 2217 1187 2288 aquo
1205 2193 1365 2268 ordinem

150 2311 186 2362 et
217 2293 334 2363 omnia
355 2312 583 2382 acceperant,
610 2290 832 2362 obedientiae
860 2294 891 2362 l'e
919 2292 1167 2375 subtraxerint,
1196 2310 1238 2362 et
1261 2291 1365 2386 Papio

147 2384 340 2457 inmediate
377 2383 521 2475 subjed'li
557 2385 703 2472 fuerint,
746 2383 831 2458 sicut
864 2405 1023 2479 tempore
1057 2385 1221 2457 Gulielmi
1256 2383 1366 2483 Tyrii

143 2480 215 2575 jam
244 2477 370 2549 fufium
399 2477 477 2550 luit.
525 2477 593 2549 Sed
619 2498 654 2549 et
679 2495 762 2552 tune
793 2482 872 2574 ipfrs
905 2480 1104 2553 Clirir'lianis
1134 2503 1193 2572 per
1219 2482 1364 2556 latroci-

146 2575 209 2648 nia
224 2627 233 2660 ,
251 2593 287 2644 et
303 2570 442 2659 caedes,
471 2571 603 2665 aliaque
613 2571 782 2663 facinora,
810 2578 878 2648 l'ele
896 2575 1057 2648 molellos
1080 2574 1252 2671 praestare
1277 2599 1363 2651 coe·

132 2685 293 2766 ,perunt,
319 2664 404 2739 teste
423 2667 598 2740 Gulielmo
617 2668 742 2765 Tyrio,
795 2673 1049 2765 Expeditiones
1074 2694 1188 2743 autem
1214 2695 1361 2763 eorum,

147 2764 270 2842 felices
295 2760 473 2849 infelices,
506 2784 686 2851 enarrare,
719 2767 761 2838 ab
786 2766 945 2839 instituto
967 2765 1086 2838 nostro
1108 2768 1257 2840 alienum
1277 2768 1359 2846 est:

172 2862 310 2938 uaedam
350 2859 525 2955 adtingam
557 2858 594 2931 in
628 2859 771 2935 historia
812 2866 891 2936 belli
931 2861 1027 2935 sacri.
1083 2863 1181 2938 Plura
1221 2863 1283 2957 qui
1316 2866 1363 2942 de

145 2887 359 3051 aremplariis
385 2958 489 3042 velrt‚
516 2954 614 3027 adeat
628 2952 720 3028 inter
736 2957 819 3031 alios
842 2953 1063 3046 Gottlerum,
1090 2956 1218 3033 Virum
1243 2959 1359 3054 Clau,

145 3072 183 3126 et
209 3049 380 3124 eruditum
408 3048 655 3145 Tlreologum,
681 3053 719 3125 in
742 3077 861 3126 eorum
888 3054 1041 3126 historia.

194 3145 226 3244 5.
254 3145 379 3217 XCIX.
409 3145 558 3218 Exortus
578 3150 683 3218 etiarn
702 3149 771 3221 lroc
796 3149 912 3223 seculo
939 3147 988 3221 est
1019 3145 1137 3222 tertius
1160 3150 1247 3225 ordo
1263 3156 1359 3231 cele·

145 3243 263 3329 brior,
291 3258 473 3335 utrumque
498 3242 709 3336 superiorem
735 3244 908 3328 imitatus,
943 3264 980 3316 et
1006 3245 1154 3340 ejusdem
1180 3245 1357 3343 instituti,

133 3338 256 3414 diuus
285 3333 473 3414 Teutonicus
498 3341 532 3408 S.
561 3339 699 3410 Mariae
723 3340 760 3412 in
785 3339 1049 3436 Hierosolyma,
1075 3339 1153 3435 quia
1179 3342 1357 3440 originem

145 3436 250 3508 debet
275 3433 479 3519 Germanis,
509 3432 649 3528 ejusque
672 3437 789 3529 gentis
812 3437 1000 3534 peregrinis
1024 3436 1231 3530 recipiendis
1248 3441 1358 3519 desti·

131 3529 246 3610 ‚natus
270 3526 339 3615 est,
381 3548 418 3601 et
450 3552 495 3601 ex
522 3530 705 3602 Germanis
735 3532 923 3608 constabat.
972 3532 1172 3624 Adpellatur
1204 3558 1294 3610 vero
1317 3540 1367 3621 S,

130 3627 299 3712 Moriar,
325 3628 405 3718 quia
429 3625 563 3698 Mariae
591 3624 755 3719 Virgini,
782 3651 944 3725 tanquam
971 3647 1156 3724 patronae,
1183 3652 1268 3705 erat
1300 3635 1356 3710 di·

133 3741 245 3796 ¹catus.
266 3739 302 3790 et
327 3726 494 3792 devotus:
521 3717 577 3793 cui
606 3723 795 3795 oratorium
821 3748 956 3819 quoque
980 3722 1226 3798 consecrarunt
1248 3729 1353 3823 juxta

135 3814 333 3910 hospitale,
360 3816 417 3884 seu
445 3814 734 3903 Xenodochium,
760 3844 779 3891 a
805 3821 913 3891 nobili
940 3821 1116 3893 Germano
1143 3821 1353 3924 Hierosoly·

131 3914 208 3988 ¹mis
231 3907 485 3994 construflum,
509 3907 543 3981 in
569 3910 662 3981 ulum
690 3937 883 4010 pauperum
908 3917 1171 4013 peregrinorum
1197 3940 1242 3992 ex
1261 3920 1355 3999 Ger·

48 4055 51 4062 ·
139 4010 262 4112 manis.
307 4005 542 4094 'Confirmatus
565 4024 681 4082 autem
708 4007 759 4084 est
783 4013 871 4087 ordo
897 4037 918 4089 a
943 4009 1144 4090 Coelestino
1166 4014 1229 4087 lll.
1254 4017 1352 4116 Papa

1159 4129 1198 4193 a..
1217 4132 1324 4208 1191.
1336 4167 1352 4208 ,
