3022 4806
130 581 216 659 ,42
541 547 696 650 myssa
718 542 997 649 methona

196 736 230 836 ς.
257 729 622 812 ccccnxxxvur.
658 754 691 806 r.
724 728 907 826 Inpostor
936 724 983 802 sd
1015 744 1102 805 eam
1131 749 1210 823 non
1242 729 1369 830 spone,

148 834 209 912 scd
245 831 448 907 necessitate
484 848 702 922 temporum,
735 824 803 900 fuit
831 821 996 914 mour,
1035 827 1102 903 sub
1128 831 1193 924 spe
1215 830 1369 909 torisia

150 930 289 1006 Lotinir
320 944 446 1001 contra
476 925 666 998 saracenos
694 919 903 1016 inpetrandi.
953 921 1055 1040 Papa
1088 926 1188 999 enirn
1221 921 1295 1000 srne
1315 926 1369 999 hat

151 1023 373 1121 subjeslione
395 1024 440 1094 iis
462 1044 569 1114 opem
594 1019 687 1093 serre
721 1016 895 1093 recusarit
927 1039 962 1093 s.
988 1018 1250 1097 (nacci-vero
1284 1023 1369 1097 nas

149 1125 261 1208 soles,
287 1121 345 1228 qui
371 1118 549 1190 ferrariae
568 1113 738 1210 primum,
765 1117 848 1188 dein
870 1114 1078 1191 Florentiae
1103 1118 1277 1207 aderant,
1306 1137 1369 1215 prs·

150 1220 216 1295 tirn
242 1219 372 1288 artrbus
394 1229 431 1283 et
457 1211 624 1306 praemiis
650 1211 778 1285 Curiae
795 1210 1000 1300 Romanae,
1024 1214 1169 1308 partim
1185 1214 1292 1289 variis
1305 1235 1369 1289 nro·

150 1311 274 1399 lestris,
307 1310 432 1407 quibus
473 1308 621 1381 durante
651 1307 795 1405 synodo
829 1307 1105 1402 premebantur,
1139 1332 1191 1383 eo
1222 1313 1371 1387 volentes

151 1412 313 1487 nolentes
338 1402 502 1496 compulsi
520 1403 616 1492 sunt,
646 1425 685 1475 ut
709 1403 782 1476 sose
805 1424 922 1477 narrat
946 1401 1098 1478 historia
1119 1405 1271 1482 concilii
1295 1406 1367 1479 Flo·

150 1503 304 1588 rentini,
330 1524 349 1573 a
378 1501 577 1595 sgyropulo
604 1498 821 1595 conscripta,
853 1517 889 1570 et
916 1498 1049 1572 Graeci
1071 1503 1292 1597 Scriptores,
1313 1499 1368 1599 qui

149 1598 252 1692 hujus
293 1596 435 1670 unionis
472 1595 728 1682 meminerunt,
760 1594 887 1667 diserte
918 1592 1116 1686 testantur,·
1142 1597 1198 1672 uti
1227 1599 1364 1672 Chalon-

148 1693 317 1790 condylus
359 1692 393 1764 in
437 1689 596 1774 historia,
635 1712 735 1762 autor
766 1688 924 1763 historiae
956 1690 1131 1785 politicae
1164 1692 1206 1768 in
1238 1694 1368 1769 Tures-

143 1790 303 1866 .Graecia
337 1789 393 1861 M.
419 1787 547 1873 Crusii,
574 1784 749 1881 Georgius
771 1787 968 1860 scholarius
992 1806 1121 1861 contra
1144 1789 1315 1877 latinos,
1334 1814 1367 1867 a·

147 1888 203 1964 lii.
256 1908 285 1981 3.
315 1882 499 1978 Denique,
523 1885 615 1980 quod
641 1885 784 1978 rnay'orrs
808 1879 875 1968 est,
904 1900 980 1954 tota
995 1880 1151 1958 Graecia
1169 1886 1260 1960 huic
1276 1884 1366 1961 unio·

146 1981 187 2059 ni
218 1979 297 2081 post
326 1983 506 2076 synodum
546 1976 696 2066 restitit,
736 1998 774 2050 er
808 1977 989 2073 synodum
1022 1980 1258 2074 repudiavit,
1289 1980 1365 2057 licta

146 2080 296 2161 Marcus
320 2074 487 2170 Ephesrus
511 2079 546 2148 in
573 2072 645 2170 ipsa
670 2074 799 2147 fecerat
823 2078 978 2168 synodo.
1010 2074 1266 2174 Praeterquam
1280 2076 1365 2176 qood

148 2175 276 2253 Graeci
302 2170 498 2268 scriptores
523 2172 604 2245 illud
630 2192 702 2244 uno
725 2192 787 2242 ore
802 2170 1005 2258 adfirment,
1030 2169 1133 2265 gesta
1148 2172 1192 2247 in
1209 2196 1292 2263 eos,
1313 2172 1365 2271 tyni

146 2272 186 2348 in
214 2269 394 2365 synodum
419 2266 686 2351 consenserant,
720 2265 799 2337 satis
822 2263 999 2338 tellantur.
1051 2264 1212 2344 lsrdortrs
1235 2269 1365 2344 Ruthe·

143 2389 231 2452 nus,
265 2386 321 2434 ex.
355 2381 428 2453 gn,
461 2384 545 2432 mox
577 2359 689 2433 asnis
711 2359 762 2433 est
786 2361 823 2434 in
849 2358 985 2458 vincula
1007 2362 1221 2456 conjeclus,
1247 2365 1365 2441 Graeci

146 2453 330 2535 CPolitani
362 2455 557 2543 cumillis,
594 2476 633 2528 ut
658 2455 842 2547 apostatis,
870 2458 1137 2531 communicare
1162 2463 1364 2537 noluerunt:

144 2551 402 2647 Metrophanes
434 2550 649 2646 Cyzicenus,
682 2552 878 2624 Patriarcha
905 2574 964 2648 per
986 2553 1150 2627 Latinam
1176 2550 1365 2632 sasiionern

145 2650 296 2737 electus,
327 2646 507 2722 damnatus
545 2645 595 2721 est
629 2666 788 2743 tanquam
830 2646 938 2735 latro,
979 2650 1155 2745 verusque
1189 2659 1367 2754 preposita

144 2745 330 2823 matricida.
381 2744 543 2837 synodus
568 2763 744 2840 praeterea
769 2742 1022 2839 Hierosolymis
1046 2746 1172 2821 coacta
1202 2777 1237 2828 a.
1265 2776 1361 2850 1443·

144 2845 377 2921 vehementer
402 2841 438 2913 in
463 2843 554 2914 hanc
578 2838 762 2928 unionern,
786 2837 926 2936 ejusque
949 2857 1111 2932 autores,
1138 2842 1194 2919 est
1211 2847 1363 2939 invec'ir,

142 2944 272 3019 litteris
303 2938 410 3009 etiam
446 2939 488 3010 ad
514 2938 757 3029 inperatorem
790 2936 949 3030 scriptis,
984 2952 1021 3007 ιιι
1043 2940 1083 3012 ad
1112 2962 1241 3018 veram
1266 2944 1362 3020 fidem

144 3031 395 3112 Graecanicam
421 3053 660 3107 revocaretur.
711 3030 862 3105 Litteras
878 3032 1087 3127 synodales,
1117 3033 1211 3114 testu
1230 3041 1363 3138 dignas,

142 3150 268 3209 contra
298 3129 595 3222 Metrophanem,
619 3127 720 3201 etad
746 3129 1005 3219 inperatorem,
1031 3129 1186 3206 exhibet
1214 3137 1294 3211 Leo
1309 3139 1363 3213 Al·

142 3226 245 3306 latius
270 3223 312 3296 de
338 3222 489 3320 consensu
515 3244 584 3298 etc.
613 3225 634 3298 l.
660 3225 726 3297 Ill.
758 3221 887 3296 Mansrt
912 3223 1028 3321 itaque
1052 3249 1232 3320 perperna
1262 3234 1364 3308 Grae·

145 3347 271 3402 corum
291 3317 474 3405 dissensro,
501 3339 536 3392 et
554 3318 696 3394 schisma
713 3318 957 3410 continuavit,
982 3318 1069 3393 licut
1085 3323 1131 3397 ad
1151 3325 1252 3402 hunc
1267 3331 1364 3423 usqne

142 3421 235 3494 diem
272 3417 383 3489 durat.
434 3417 521 3492 Vid.
558 3417 614 3488 Fr.
649 3415 881 3512 Spanhenrius
914 3416 953 3492 in
980 3419 1014 3488 dr·
1042 3437 1105 3492 crs.
1141 3424 1183 3498 dc
1210 3443 1362 3521 perpetu

142 3510 323 3615 dfflnstorre
348 3530 418 3586 etc.

433 3700 736 3815 SCRIPTORES
766 3700 836 3777 ET
859 3705 1061 3784 sTUDIA.

187 3899 220 4000 5.
243 3890 559 4008 CssCCLXXXIX.
588 3895 803 4008 Floruerunt
824 3896 895 4010 hoc
917 3898 1032 4011 adhuc
1055 3897 1180 4017 seculo
1195 3905 1354 4017 aliquate-

134 4023 201 4087 nus
216 4017 282 4077 vrrr
298 3988 409 4070 Doslr
424 4009 519 4066 rnter
537 3991 695 4072 Graecos
702 4048 713 4090 ,
739 4016 805 4095 qur
820 3993 1009 4092 hrstorrae,
1032 3997 1359 4196 bonrsllryyeeorssineer
