<?xml version="1.0" encoding="UTF-8"?>
<!DOCTYPE html PUBLIC "-//W3C//DTD XHTML 1.0 Transitional//EN"
    "http://www.w3.org/TR/xhtml1/DTD/xhtml1-transitional.dtd">
<html xmlns="http://www.w3.org/1999/xhtml" xml:lang="en" lang="en">
 <head>
  <title>
</title>
<meta http-equiv="Content-Type" content="text/html;charset=utf-8" />
  <meta name='ocr-system' content='tesseract 3.04.00' />
  <meta name='ocr-capabilities' content='ocr_page ocr_carea ocr_par ocr_line ocrx_word'/>
</head>
<body>
  <div class='ocr_page' id='page_1' title='image "./hermannivenemai00venegoog_0184.png"; bbox 0 0 3022 4806; ppageno 0'>
   <div class='ocr_carea' id='block_1_1' title="bbox 639 631 1376 735">
    <p class='ocr_par' dir='ltr' id='par_1_1' title="bbox 639 631 1376 735">
     <span class='ocr_line' id='line_1_1' title="bbox 639 631 1376 735; baseline 0.005 -26"><span class='ocrx_word' id='word_1_1' title='bbox 639 631 747 709; x_wconf 80' lang='lat' dir='ltr'>Serus.</span> <span class='ocrx_word' id='word_1_2' title='bbox 772 631 882 709; x_wconf 75' lang='lat' dir='ltr'><em>XIII.</em></span> <span class='ocrx_word' id='word_1_3' title='bbox 1305 661 1376 735; x_wconf 66' lang='grc' dir='ltr'>ης</span> 
     </span>
    </p>
   </div>
   <div class='ocr_carea' id='block_1_2' title="bbox 134 807 1460 4245">
    <p class='ocr_par' dir='ltr' id='par_1_2' title="bbox 146 807 1369 1099">
     <span class='ocr_line' id='line_1_2' title="bbox 149 807 1369 911; baseline 0.007 -26"><span class='ocrx_word' id='word_1_4' title='bbox 149 815 271 911; x_wconf 80' lang='lat' dir='ltr'>Opera</span> <span class='ocrx_word' id='word_1_5' title='bbox 303 808 397 907; x_wconf 78' lang='lat' dir='ltr'>ejm,</span> <span class='ocrx_word' id='word_1_6' title='bbox 437 807 635 908; x_wconf 84' lang='lat' dir='ltr'>quaesunt</span> <span class='ocrx_word' id='word_1_7' title='bbox 671 810 865 900; x_wconf 76' lang='lat' dir='ltr'>sermones,</span> <span class='ocrx_word' id='word_1_8' title='bbox 903 811 1147 886; x_wconf 89' lang='lat' dir='ltr'>commentarii</span> <span class='ocrx_word' id='word_1_9' title='bbox 1177 811 1214 887; x_wconf 92' lang='lat' dir='ltr'>in</span> <span class='ocrx_word' id='word_1_10' title='bbox 1256 819 1369 894; x_wconf 84' lang='lat' dir='ltr'>variat</span> 
     </span>
     <span class='ocr_line' id='line_1_3' title="bbox 146 905 1367 1013; baseline 0.002 -29"><span class='ocrx_word' id='word_1_11' title='bbox 146 909 354 1006; x_wconf 72' lang='lat' dir='ltr'>scripturae</span> <span class='ocrx_word' id='word_1_12' title='bbox 370 909 407 981; x_wconf 86' lang='lat' dir='ltr'>S.</span> <span class='ocrx_word' id='word_1_13' title='bbox 433 927 568 1005; x_wconf 85' lang='lat' dir='ltr'>parter,</span> <span class='ocrx_word' id='word_1_14' title='bbox 601 927 639 980; x_wconf 89' lang='lat' dir='ltr'>et</span> <span class='ocrx_word' id='word_1_15' title='bbox 667 906 774 981; x_wconf 84' lang='lat' dir='ltr'>libror</span> <span class='ocrx_word' id='word_1_16' title='bbox 805 908 1075 998; x_wconf 87' lang='lat' dir='ltr'>sententiarum,</span> <span class='ocrx_word' id='word_1_17' title='bbox 1108 905 1238 1006; x_wconf 87' lang='lat' dir='ltr'>aliaque</span> <span class='ocrx_word' id='word_1_18' title='bbox 1263 913 1367 1013; x_wconf 92' lang='lat' dir='ltr'>opus·</span> 
     </span>
     <span class='ocr_line' id='line_1_4' title="bbox 148 1000 781 1099; baseline -0.006 -20"><span class='ocrx_word' id='word_1_19' title='bbox 148 1006 249 1095; x_wconf 88' lang='lat' dir='ltr'>cula,</span> <span class='ocrx_word' id='word_1_20' title='bbox 275 1000 429 1099; x_wconf 89' lang='lat' dir='ltr'>prostant</span> <span class='ocrx_word' id='word_1_21' title='bbox 454 1007 520 1075; x_wconf 77' lang='lat' dir='ltr'>allo</span> <span class='ocrx_word' id='word_1_22' title='bbox 543 1004 616 1077; x_wconf 87' lang='lat' dir='ltr'>vol.</span> <span class='ocrx_word' id='word_1_23' title='bbox 642 1001 682 1076; x_wconf 94' lang='lat' dir='ltr'>in</span> <span class='ocrx_word' id='word_1_24' title='bbox 706 1003 781 1076; x_wconf 85' lang='lat' dir='ltr'>Fos.</span> 
     </span>
    </p>

    <p class='ocr_par' dir='ltr' id='par_1_3' title="bbox 134 1095 1460 4245">
     <span class='ocr_line' id='line_1_5' title="bbox 192 1095 1366 1196; baseline 0.007 -26"><span class='ocrx_word' id='word_1_25' title='bbox 192 1098 228 1196; x_wconf 61' lang='grc' dir='ltr'>ς.</span> <span class='ocrx_word' id='word_1_26' title='bbox 252 1099 325 1171; x_wconf 87' lang='lat' dir='ltr'>CL.</span> <span class='ocrx_word' id='word_1_27' title='bbox 351 1097 607 1172; x_wconf 78' lang='lat' dir='ltr'>Celeberrimos</span> <span class='ocrx_word' id='word_1_28' title='bbox 638 1098 797 1172; x_wconf 91' lang='lat' dir='ltr'>omnium</span> <span class='ocrx_word' id='word_1_29' title='bbox 811 1096 911 1192; x_wconf 76' lang='lat' dir='ltr'>inter</span> <span class='ocrx_word' id='word_1_30' title='bbox 933 1095 1170 1175; x_wconf 77' lang='lat' dir='ltr'>scholasticos</span> <span class='ocrx_word' id='word_1_31' title='bbox 1193 1100 1245 1174; x_wconf 86' lang='lat' dir='ltr'>est</span> <span class='ocrx_word' id='word_1_32' title='bbox 1282 1102 1366 1178; x_wconf 84' lang='lat' dir='ltr'>Tlo-</span> 
     </span>
     <span class='ocr_line' id='line_1_6' title="bbox 145 1193 1360 1290; baseline 0.003 -20"><span class='ocrx_word' id='word_1_33' title='bbox 145 1217 222 1270; x_wconf 81' lang='lat' dir='ltr'>ator</span> <span class='ocrx_word' id='word_1_34' title='bbox 255 1194 423 1290; x_wconf 71' lang='lat' dir='ltr'>Aquites,</span> <span class='ocrx_word' id='word_1_35' title='bbox 453 1193 545 1266; x_wconf 91' lang='lat' dir='ltr'>unde</span> <span class='ocrx_word' id='word_1_36' title='bbox 567 1194 771 1268; x_wconf 83' lang='lat' dir='ltr'>&#39;s&#39;bomillae</span> <span class='ocrx_word' id='word_1_37' title='bbox 795 1197 966 1289; x_wconf 80' lang='lat' dir='ltr'>originem</span> <span class='ocrx_word' id='word_1_38' title='bbox 992 1195 1145 1284; x_wconf 87' lang='lat' dir='ltr'>babent,</span> <span class='ocrx_word' id='word_1_39' title='bbox 1169 1199 1206 1269; x_wconf 91' lang='lat' dir='ltr'>in</span> <span class='ocrx_word' id='word_1_40' title='bbox 1239 1198 1360 1273; x_wconf 88' lang='lat' dir='ltr'>Castro</span> 
     </span>
     <span class='ocr_line' id='line_1_7' title="bbox 145 1286 1366 1388; baseline 0.001 -20"><span class='ocrx_word' id='word_1_41' title='bbox 145 1287 317 1388; x_wconf 77' lang='lat' dir='ltr'>Aquino,</span> <span class='ocrx_word' id='word_1_42' title='bbox 334 1310 380 1363; x_wconf 84' lang='lat' dir='ltr'>ex</span> <span class='ocrx_word' id='word_1_43' title='bbox 396 1286 517 1363; x_wconf 88' lang='lat' dir='ltr'>illustri</span> <span class='ocrx_word' id='word_1_44' title='bbox 534 1290 711 1363; x_wconf 86' lang='lat' dir='ltr'>Comitum</span> <span class='ocrx_word' id='word_1_45' title='bbox 727 1289 963 1386; x_wconf 83' lang='lat' dir='ltr'>Aquinatum,</span> <span class='ocrx_word' id='word_1_46' title='bbox 988 1290 1202 1386; x_wconf 89' lang='lat' dir='ltr'>Regumque</span> <span class='ocrx_word' id='word_1_47' title='bbox 1218 1294 1366 1370; x_wconf 88' lang='lat' dir='ltr'>Siciliae</span> 
     </span>
     <span class='ocr_line' id='line_1_8' title="bbox 146 1382 1364 1481; baseline 0.003 -19"><span class='ocrx_word' id='word_1_48' title='bbox 146 1405 186 1462; x_wconf 91' lang='lat' dir='ltr'>et</span> <span class='ocrx_word' id='word_1_49' title='bbox 204 1385 430 1481; x_wconf 75' lang='lat' dir='ltr'>aragoniae,</span> <span class='ocrx_word' id='word_1_50' title='bbox 454 1382 562 1481; x_wconf 89' lang='lat' dir='ltr'>stirpe</span> <span class='ocrx_word' id='word_1_51' title='bbox 578 1403 675 1458; x_wconf 80' lang='lat' dir='ltr'>natue</span> <span class='ocrx_word' id='word_1_52' title='bbox 697 1408 728 1458; x_wconf 90' lang='lat' dir='ltr'>a.</span> <span class='ocrx_word' id='word_1_53' title='bbox 757 1393 885 1474; x_wconf 68' lang='lat'>1224,</span> <span class='ocrx_word' id='word_1_54' title='bbox 910 1383 1027 1458; x_wconf 89' lang='lat' dir='ltr'>ordini</span> <span class='ocrx_word' id='word_1_55' title='bbox 1048 1387 1364 1466; x_wconf 86' lang='lat' dir='ltr'>Dominicanorttrn</span> 
     </span>
     <span class='ocr_line' id='line_1_9' title="bbox 147 1478 1361 1577; baseline 0.005 -20"><span class='ocrx_word' id='word_1_56' title='bbox 147 1479 348 1577; x_wconf 76' lang='lat' dir='ltr'>adscriptus</span> <span class='ocrx_word' id='word_1_57' title='bbox 379 1478 430 1554; x_wconf 89' lang='lat' dir='ltr'>est</span> <span class='ocrx_word' id='word_1_58' title='bbox 452 1532 463 1569; x_wconf 94' lang='lat'>,</span> <span class='ocrx_word' id='word_1_59' title='bbox 488 1499 519 1552; x_wconf 85' lang='lat' dir='ltr'>a.</span> <span class='ocrx_word' id='word_1_60' title='bbox 546 1499 652 1570; x_wconf 82' lang='lat'>1241.</span> <span class='ocrx_word' id='word_1_61' title='bbox 687 1481 778 1553; x_wconf 89' lang='lat' dir='ltr'>unde</span> <span class='ocrx_word' id='word_1_62' title='bbox 799 1504 819 1554; x_wconf 88' lang='lat' dir='ltr'>a</span> <span class='ocrx_word' id='word_1_63' title='bbox 847 1481 966 1552; x_wconf 88' lang='lat' dir='ltr'>Matre</span> <span class='ocrx_word' id='word_1_64' title='bbox 988 1498 1025 1553; x_wconf 87' lang='lat' dir='ltr'>et</span> <span class='ocrx_word' id='word_1_65' title='bbox 1050 1482 1229 1559; x_wconf 77' lang='lat' dir='ltr'>Fratribus</span> <span class='ocrx_word' id='word_1_66' title='bbox 1260 1488 1361 1563; x_wconf 90' lang='lat' dir='ltr'>nullo</span> 
     </span>
     <span class='ocr_line' id='line_1_10' title="bbox 146 1573 1356 1676; baseline 0.006 -27"><span class='ocrx_word' id='word_1_67' title='bbox 146 1575 278 1665; x_wconf 89' lang='lat' dir='ltr'>modo,</span> <span class='ocrx_word' id='word_1_68' title='bbox 309 1598 358 1650; x_wconf 92' lang='lat' dir='ltr'>ne</span> <span class='ocrx_word' id='word_1_69' title='bbox 382 1573 523 1671; x_wconf 90' lang='lat' dir='ltr'>quidem</span> <span class='ocrx_word' id='word_1_70' title='bbox 555 1596 617 1672; x_wconf 92' lang='lat' dir='ltr'>per</span> <span class='ocrx_word' id='word_1_71' title='bbox 641 1573 714 1648; x_wconf 90' lang='lat' dir='ltr'>vim</span> <span class='ocrx_word' id='word_1_72' title='bbox 739 1593 778 1648; x_wconf 90' lang='lat' dir='ltr'>et</span> <span class='ocrx_word' id='word_1_73' title='bbox 801 1597 998 1665; x_wconf 83' lang='lat' dir='ltr'>carcerem,</span> <span class='ocrx_word' id='word_1_74' title='bbox 1030 1574 1179 1650; x_wconf 90' lang='lat' dir='ltr'>abstrahi</span> <span class='ocrx_word' id='word_1_75' title='bbox 1224 1583 1356 1676; x_wconf 83' lang='lat' dir='ltr'>potuit.</span> 
     </span>
     <span class='ocr_line' id='line_1_11' title="bbox 146 1669 1382 1759; baseline 0.004 -12"><span class='ocrx_word' id='word_1_76' title='bbox 146 1671 319 1747; x_wconf 80' lang='lat' dir='ltr'>Coloniae</span> <span class='ocrx_word' id='word_1_77' title='bbox 342 1669 475 1744; x_wconf 87' lang='lat' dir='ltr'>audivit</span> <span class='ocrx_word' id='word_1_78' title='bbox 499 1670 684 1746; x_wconf 85' lang='lat' dir='ltr'>Albettum</span> <span class='ocrx_word' id='word_1_79' title='bbox 710 1672 789 1759; x_wconf 93' lang='lat' dir='ltr'>M.,</span> <span class='ocrx_word' id='word_1_80' title='bbox 820 1669 904 1745; x_wconf 89' lang='lat' dir='ltr'>dein</span> <span class='ocrx_word' id='word_1_81' title='bbox 936 1669 1080 1746; x_wconf 74' lang='lat' dir='ltr'>Parisios</span> <span class='ocrx_word' id='word_1_82' title='bbox 1104 1670 1234 1748; x_wconf 79' lang='lat' dir='ltr'>accitur</span> <span class='ocrx_word' id='word_1_83' title='bbox 1258 1676 1382 1758; x_wconf 71' lang='lat' dir='ltr'>libror</span> 
     </span>
     <span class='ocr_line' id='line_1_12' title="bbox 148 1765 1362 1866; baseline 0.005 -24"><span class='ocrx_word' id='word_1_84' title='bbox 148 1765 420 1856; x_wconf 87' lang='lat' dir='ltr'>sententiarum,</span> <span class='ocrx_word' id='word_1_85' title='bbox 445 1765 580 1840; x_wconf 88' lang='lat' dir='ltr'>summo</span> <span class='ocrx_word' id='word_1_86' title='bbox 602 1787 684 1839; x_wconf 88' lang='lat' dir='ltr'>curn</span> <span class='ocrx_word' id='word_1_87' title='bbox 709 1765 869 1859; x_wconf 86' lang='lat' dir='ltr'>adplausu</span> <span class='ocrx_word' id='word_1_88' title='bbox 893 1785 930 1840; x_wconf 88' lang='lat' dir='ltr'>et</span> <span class='ocrx_word' id='word_1_89' title='bbox 953 1765 1155 1859; x_wconf 84' lang='lat' dir='ltr'>confluxu,</span> <span class='ocrx_word' id='word_1_90' title='bbox 1195 1772 1362 1866; x_wconf 83' lang='lat' dir='ltr'>reelegit:</span> 
     </span>
     <span class='ocr_line' id='line_1_13' title="bbox 147 1858 1362 1964; baseline 0.002 -26"><span class='ocrx_word' id='word_1_91' title='bbox 147 1859 355 1964; x_wconf 77' lang='lat' dir='ltr'>creatusque</span> <span class='ocrx_word' id='word_1_92' title='bbox 369 1858 509 1935; x_wconf 79' lang='lat' dir='ltr'>Doeror</span> <span class='ocrx_word' id='word_1_93' title='bbox 524 1858 747 1957; x_wconf 89' lang='lat' dir='ltr'>Theologiae</span> <span class='ocrx_word' id='word_1_94' title='bbox 768 1862 804 1934; x_wconf 88' lang='lat' dir='ltr'>in</span> <span class='ocrx_word' id='word_1_95' title='bbox 823 1859 987 1936; x_wconf 77' lang='lat' dir='ltr'>facultate</span> <span class='ocrx_word' id='word_1_96' title='bbox 1006 1859 1153 1937; x_wconf 89' lang='lat' dir='ltr'>Parisren</span> <span class='ocrx_word' id='word_1_97' title='bbox 1210 1888 1242 1939; x_wconf 86' lang='lat' dir='ltr'>a.</span> <span class='ocrx_word' id='word_1_98' title='bbox 1253 1889 1362 1959; x_wconf 79' lang='lat'>1255.</span> 
     </span>
     <span class='ocr_line' id='line_1_14' title="bbox 146 1954 1361 2049; baseline 0.001 -13"><span class='ocrx_word' id='word_1_99' title='bbox 146 1957 243 2036; x_wconf 85' lang='lat' dir='ltr'>Dein</span> <span class='ocrx_word' id='word_1_100' title='bbox 269 1956 310 2032; x_wconf 92' lang='lat' dir='ltr'>in</span> <span class='ocrx_word' id='word_1_101' title='bbox 360 1956 482 2031; x_wconf 72' lang='lat' dir='ltr'>obticis</span> <span class='ocrx_word' id='word_1_102' title='bbox 502 1956 622 2031; x_wconf 88' lang='lat' dir='ltr'>Italiae</span> <span class='ocrx_word' id='word_1_103' title='bbox 654 1954 856 2031; x_wconf 78' lang='lat' dir='ltr'>Academiit</span> <span class='ocrx_word' id='word_1_104' title='bbox 890 1955 998 2032; x_wconf 74' lang='lat' dir='ltr'>variis</span> <span class='ocrx_word' id='word_1_105' title='bbox 1030 1958 1173 2049; x_wconf 91' lang='lat' dir='ltr'>docuit,</span> <span class='ocrx_word' id='word_1_106' title='bbox 1205 1977 1242 2033; x_wconf 90' lang='lat' dir='ltr'>et</span> <span class='ocrx_word' id='word_1_107' title='bbox 1275 1980 1361 2036; x_wconf 85' lang='lat' dir='ltr'>tan·</span> 
     </span>
     <span class='ocr_line' id='line_1_15' title="bbox 146 2051 1359 2148; baseline -0.001 -17"><span class='ocrx_word' id='word_1_108' title='bbox 146 2057 226 2131; x_wconf 81' lang='lat' dir='ltr'>dem</span> <span class='ocrx_word' id='word_1_109' title='bbox 248 2075 318 2128; x_wconf 85' lang='lat' dir='ltr'>eon</span> <span class='ocrx_word' id='word_1_110' title='bbox 337 2052 413 2126; x_wconf 92' lang='lat' dir='ltr'>edit</span> <span class='ocrx_word' id='word_1_111' title='bbox 429 2051 606 2148; x_wconf 76' lang='lat' dir='ltr'>Neapoli,</span> <span class='ocrx_word' id='word_1_112' title='bbox 634 2051 692 2125; x_wconf 91' lang='lat' dir='ltr'>ubi</span> <span class='ocrx_word' id='word_1_113' title='bbox 721 2052 888 2148; x_wconf 88' lang='lat' dir='ltr'>reliquam</span> <span class='ocrx_word' id='word_1_114' title='bbox 912 2051 1031 2147; x_wconf 82' lang='lat' dir='ltr'>exegit</span> <span class='ocrx_word' id='word_1_115' title='bbox 1053 2052 1185 2144; x_wconf 89' lang='lat' dir='ltr'>vitam,</span> <span class='ocrx_word' id='word_1_116' title='bbox 1209 2054 1359 2131; x_wconf 88' lang='lat' dir='ltr'>etsum·</span> 
     </span>
     <span class='ocr_line' id='line_1_16' title="bbox 147 2144 1359 2239; baseline -0.001 -13"><span class='ocrx_word' id='word_1_117' title='bbox 147 2172 241 2226; x_wconf 81' lang='lat' dir='ltr'>mern</span> <span class='ocrx_word' id='word_1_118' title='bbox 263 2149 387 2225; x_wconf 68' lang='lat' dir='ltr'>nanus</span> <span class='ocrx_word' id='word_1_119' title='bbox 416 2144 467 2220; x_wconf 89' lang='lat' dir='ltr'>est</span> <span class='ocrx_word' id='word_1_120' title='bbox 492 2147 737 2234; x_wconf 85' lang='lat' dir='ltr'>autoritatem,</span> <span class='ocrx_word' id='word_1_121' title='bbox 769 2168 853 2219; x_wconf 90' lang='lat' dir='ltr'>cum</span> <span class='ocrx_word' id='word_1_122' title='bbox 871 2147 1023 2239; x_wconf 89' lang='lat' dir='ltr'>superbo</span> <span class='ocrx_word' id='word_1_123' title='bbox 1050 2145 1155 2220; x_wconf 90' lang='lat' dir='ltr'>titulo</span> <span class='ocrx_word' id='word_1_124' title='bbox 1188 2148 1359 2228; x_wconf 75' lang='lat' dir='ltr'>Dosloria</span> 
     </span>
     <span class='ocr_line' id='line_1_17' title="bbox 149 2236 1358 2340; baseline 0 -19"><span class='ocrx_word' id='word_1_125' title='bbox 149 2246 313 2340; x_wconf 74' lang='lat' dir='ltr'>Argolici.</span> <span class='ocrx_word' id='word_1_126' title='bbox 357 2241 425 2316; x_wconf 86' lang='lat' dir='ltr'>Sed</span> <span class='ocrx_word' id='word_1_127' title='bbox 451 2240 526 2339; x_wconf 88' lang='lat' dir='ltr'>ipse</span> <span class='ocrx_word' id='word_1_128' title='bbox 549 2241 587 2316; x_wconf 93' lang='lat' dir='ltr'>in</span> <span class='ocrx_word' id='word_1_129' title='bbox 610 2263 724 2340; x_wconf 92' lang='lat' dir='ltr'>agone</span> <span class='ocrx_word' id='word_1_130' title='bbox 746 2241 870 2315; x_wconf 86' lang='lat' dir='ltr'>mortit</span> <span class='ocrx_word' id='word_1_131' title='bbox 893 2236 1083 2314; x_wconf 88' lang='lat' dir='ltr'>Dominum</span> <span class='ocrx_word' id='word_1_132' title='bbox 1117 2243 1233 2339; x_wconf 88' lang='lat' dir='ltr'>Jesum</span> <span class='ocrx_word' id='word_1_133' title='bbox 1269 2245 1358 2323; x_wconf 79' lang='lat' dir='ltr'>fient</span> 
     </span>
     <span class='ocr_line' id='line_1_18' title="bbox 146 2333 1360 2438; baseline 0.002 -22"><span class='ocrx_word' id='word_1_134' title='bbox 146 2339 312 2438; x_wconf 84' lang='lat' dir='ltr'>rogavit,</span> <span class='ocrx_word' id='word_1_135' title='bbox 336 2357 395 2427; x_wconf 92' lang='lat' dir='ltr'>ut,</span> <span class='ocrx_word' id='word_1_136' title='bbox 420 2335 578 2412; x_wconf 74' lang='lat' dir='ltr'>siminus</span> <span class='ocrx_word' id='word_1_137' title='bbox 591 2359 673 2413; x_wconf 85' lang='lat' dir='ltr'>vera</span> <span class='ocrx_word' id='word_1_138' title='bbox 689 2336 785 2410; x_wconf 86' lang='lat' dir='ltr'>forte</span> <span class='ocrx_word' id='word_1_139' title='bbox 801 2333 1004 2433; x_wconf 72' lang='lat' dir='ltr'>scripsisset,</span> <span class='ocrx_word' id='word_1_140' title='bbox 1022 2354 1062 2408; x_wconf 93' lang='lat' dir='ltr'>et</span> <span class='ocrx_word' id='word_1_141' title='bbox 1078 2337 1270 2432; x_wconf 81' lang='lat' dir='ltr'>docuisset,</span> <span class='ocrx_word' id='word_1_142' title='bbox 1296 2365 1360 2417; x_wconf 69' lang='lat' dir='ltr'>vet</span> 
     </span>
     <span class='ocr_line' id='line_1_19' title="bbox 150 2431 1358 2529; baseline 0.002 -17"><span class='ocrx_word' id='word_1_143' title='bbox 150 2437 245 2512; x_wconf 85' lang='lat' dir='ltr'>niam</span> <span class='ocrx_word' id='word_1_144' title='bbox 268 2434 334 2512; x_wconf 90' lang='lat' dir='ltr'>libi</span> <span class='ocrx_word' id='word_1_145' title='bbox 366 2433 598 2519; x_wconf 86' lang='lat' dir='ltr'>concederet,</span> <span class='ocrx_word' id='word_1_146' title='bbox 632 2433 772 2529; x_wconf 90' lang='lat' dir='ltr'>seseque</span> <span class='ocrx_word' id='word_1_147' title='bbox 803 2432 938 2529; x_wconf 90' lang='lat' dir='ltr'>judicio</span> <span class='ocrx_word' id='word_1_148' title='bbox 966 2431 1140 2506; x_wconf 75' lang='lat' dir='ltr'>Ecclesiae</span> <span class='ocrx_word' id='word_1_149' title='bbox 1175 2435 1358 2514; x_wconf 87' lang='lat' dir='ltr'>Romanae</span> 
     </span>
     <span class='ocr_line' id='line_1_20' title="bbox 149 2526 1358 2637; baseline 0 -29"><span class='ocrx_word' id='word_1_150' title='bbox 149 2530 321 2610; x_wconf 82' lang='lat' dir='ltr'>submifit</span> <span class='ocrx_word' id='word_1_151' title='bbox 369 2529 473 2626; x_wconf 73' lang='lat' dir='ltr'>Cujus</span> <span class='ocrx_word' id='word_1_152' title='bbox 495 2528 587 2602; x_wconf 83' lang='lat' dir='ltr'>sedit</span> <span class='ocrx_word' id='word_1_153' title='bbox 607 2526 901 2637; x_wconf 80' lang='lat' dir='ltr'>adprobationem</span> <span class='ocrx_word' id='word_1_154' title='bbox 928 2548 999 2602; x_wconf 92' lang='lat' dir='ltr'>non</span> <span class='ocrx_word' id='word_1_155' title='bbox 1032 2547 1166 2604; x_wconf 87' lang='lat' dir='ltr'>tantum</span> <span class='ocrx_word' id='word_1_156' title='bbox 1200 2531 1237 2604; x_wconf 89' lang='lat' dir='ltr'>in</span> <span class='ocrx_word' id='word_1_157' title='bbox 1264 2551 1358 2608; x_wconf 85' lang='lat' dir='ltr'>etra-</span> 
     </span>
     <span class='ocr_line' id='line_1_21' title="bbox 146 2557 1356 2738; baseline 0 -33"><span class='ocrx_word' id='word_1_158' title='bbox 146 2629 223 2719; x_wconf 85' lang='lat' dir='ltr'>vit,</span> <span class='ocrx_word' id='word_1_159' title='bbox 258 2625 319 2702; x_wconf 88' lang='lat' dir='ltr'>sed</span> <span class='ocrx_word' id='word_1_160' title='bbox 343 2642 402 2713; x_wconf 89' lang='lat' dir='ltr'>et,</span> <span class='ocrx_word' id='word_1_161' title='bbox 436 2642 473 2696; x_wconf 92' lang='lat' dir='ltr'>ut</span> <span class='ocrx_word' id='word_1_162' title='bbox 500 2623 636 2711; x_wconf 88' lang='lat' dir='ltr'>fertur,</span> <span class='ocrx_word' id='word_1_163' title='bbox 667 2621 773 2719; x_wconf 82' lang='lat' dir='ltr'>ipfiut</span> <span class='ocrx_word' id='word_1_164' title='bbox 794 2624 939 2698; x_wconf 88' lang='lat' dir='ltr'>Domini</span> <span class='ocrx_word' id='word_1_165' title='bbox 963 2623 1064 2720; x_wconf 85' lang='lat' dir='ltr'>Jesu,</span> <span class='ocrx_word' id='word_1_166' title='bbox 1096 2626 1156 2722; x_wconf 89' lang='lat' dir='ltr'>qui</span> <span class='ocrx_word' id='word_1_167' title='bbox 1190 2557 1263 2738; x_wconf 80' lang='lat' dir='ltr'>ipsi</span> <span class='ocrx_word' id='word_1_168' title='bbox 1284 2630 1356 2705; x_wconf 88' lang='lat' dir='ltr'>hoc</span> 
     </span>
     <span class='ocr_line' id='line_1_22' title="bbox 144 2716 1356 2824; baseline 0 -24"><span class='ocrx_word' id='word_1_169' title='bbox 144 2722 349 2824; x_wconf 89' lang='lat' dir='ltr'>responsum</span> <span class='ocrx_word' id='word_1_170' title='bbox 369 2717 515 2809; x_wconf 86' lang='lat' dir='ltr'>tulisset,</span> <span class='ocrx_word' id='word_1_171' title='bbox 542 2724 619 2793; x_wconf 80' lang='lat' dir='ltr'>bene</span> <span class='ocrx_word' id='word_1_172' title='bbox 643 2720 682 2795; x_wconf 71' lang='lat' dir='ltr'>d}</span> <span class='ocrx_word' id='word_1_173' title='bbox 704 2742 754 2792; x_wconf 84' lang='lat' dir='ltr'>me</span> <span class='ocrx_word' id='word_1_174' title='bbox 766 2716 948 2815; x_wconf 74' lang='lat' dir='ltr'>scripfilsi,</span> <span class='ocrx_word' id='word_1_175' title='bbox 989 2716 1133 2794; x_wconf 71' lang='lat' dir='ltr'>mona!</span> <span class='ocrx_word' id='word_1_176' title='bbox 1165 2741 1216 2795; x_wconf 89' lang='lat' dir='ltr'>utt</span> <span class='ocrx_word' id='word_1_177' title='bbox 1238 2722 1275 2798; x_wconf 91' lang='lat' dir='ltr'>in</span> <span class='ocrx_word' id='word_1_178' title='bbox 1301 2726 1356 2800; x_wconf 90' lang='lat' dir='ltr'>di·</span> 
     </span>
     <span class='ocr_line' id='line_1_23' title="bbox 148 2813 1358 2919; baseline -0.004 -22"><span class='ocrx_word' id='word_1_179' title='bbox 148 2822 306 2919; x_wconf 82' lang='lat' dir='ltr'>plumare</span> <span class='ocrx_word' id='word_1_180' title='bbox 330 2814 522 2891; x_wconf 86' lang='lat' dir='ltr'>Pontificio</span> <span class='ocrx_word' id='word_1_181' title='bbox 547 2814 737 2888; x_wconf 85' lang='lat' dir='ltr'>Clementia</span> <span class='ocrx_word' id='word_1_182' title='bbox 762 2816 865 2889; x_wconf 92' lang='lat' dir='ltr'>Vlss.</span> <span class='ocrx_word' id='word_1_183' title='bbox 899 2815 939 2888; x_wconf 87' lang='lat' dir='ltr'>ad</span> <span class='ocrx_word' id='word_1_184' title='bbox 965 2813 1219 2900; x_wconf 78' lang='lat' dir='ltr'>Neapolitanos</span> <span class='ocrx_word' id='word_1_185' title='bbox 1251 2818 1358 2892; x_wconf 87' lang='lat' dir='ltr'>tradi·</span> 
     </span>
     <span class='ocr_line' id='line_1_24' title="bbox 145 2907 1356 3005; baseline -0.002 -16"><span class='ocrx_word' id='word_1_186' title='bbox 145 2935 215 2993; x_wconf 88' lang='lat' dir='ltr'>tur.</span> <span class='ocrx_word' id='word_1_187' title='bbox 263 2915 466 3000; x_wconf 87' lang='lat' dir='ltr'>Praeterea,</span> <span class='ocrx_word' id='word_1_188' title='bbox 490 2910 528 2984; x_wconf 92' lang='lat' dir='ltr'>in</span> <span class='ocrx_word' id='word_1_189' title='bbox 552 2909 720 2984; x_wconf 78' lang='lat' dir='ltr'>castitatis</span> <span class='ocrx_word' id='word_1_190' title='bbox 735 2913 987 3005; x_wconf 81' lang='lat' dir='ltr'>conservatae,</span> <span class='ocrx_word' id='word_1_191' title='bbox 1020 2930 1056 2980; x_wconf 91' lang='lat' dir='ltr'>et</span> <span class='ocrx_word' id='word_1_192' title='bbox 1073 2907 1211 2982; x_wconf 88' lang='lat' dir='ltr'>strenue</span> <span class='ocrx_word' id='word_1_193' title='bbox 1232 2911 1356 2987; x_wconf 90' lang='lat' dir='ltr'>defen·</span> 
     </span>
     <span class='ocr_line' id='line_1_25' title="bbox 148 3004 1357 3108; baseline -0.002 -21"><span class='ocrx_word' id='word_1_194' title='bbox 148 3013 224 3102; x_wconf 70' lang='lat' dir='ltr'>sle,</span> <span class='ocrx_word' id='word_1_195' title='bbox 248 3007 464 3108; x_wconf 81' lang='lat' dir='ltr'>praemium,</span> <span class='ocrx_word' id='word_1_196' title='bbox 490 3004 625 3080; x_wconf 78' lang='lat' dir='ltr'>cinslut</span> <span class='ocrx_word' id='word_1_197' title='bbox 650 3004 736 3096; x_wconf 87' lang='lat' dir='ltr'>suit,</span> <span class='ocrx_word' id='word_1_198' title='bbox 763 3021 800 3078; x_wconf 93' lang='lat' dir='ltr'>ut</span> <span class='ocrx_word' id='word_1_199' title='bbox 817 3025 1008 3100; x_wconf 85' lang='lat' dir='ltr'>nugantur,</span> <span class='ocrx_word' id='word_1_200' title='bbox 1033 3026 1118 3076; x_wconf 89' lang='lat' dir='ltr'>zona</span> <span class='ocrx_word' id='word_1_201' title='bbox 1143 3005 1357 3102; x_wconf 79' lang='lat' dir='ltr'>virginitatit</span> 
     </span>
     <span class='ocr_line' id='line_1_26' title="bbox 145 3099 1358 3202; baseline -0.003 -19"><span class='ocrx_word' id='word_1_202' title='bbox 145 3108 188 3183; x_wconf 86' lang='lat' dir='ltr'>ab</span> <span class='ocrx_word' id='word_1_203' title='bbox 210 3102 371 3202; x_wconf 76' lang='lat' dir='ltr'>Angelis.</span> <span class='ocrx_word' id='word_1_204' title='bbox 426 3103 614 3190; x_wconf 88' lang='lat' dir='ltr'>Ceterum,</span> <span class='ocrx_word' id='word_1_205' title='bbox 636 3100 710 3174; x_wconf 71' lang='lat' dir='ltr'>aeta</span> <span class='ocrx_word' id='word_1_206' title='bbox 737 3099 816 3197; x_wconf 88' lang='lat' dir='ltr'>ejus</span> <span class='ocrx_word' id='word_1_207' title='bbox 833 3101 976 3185; x_wconf 88' lang='lat' dir='ltr'>habent,</span> <span class='ocrx_word' id='word_1_208' title='bbox 1011 3120 1134 3172; x_wconf 89' lang='lat' dir='ltr'>vocem</span> <span class='ocrx_word' id='word_1_209' title='bbox 1161 3099 1252 3177; x_wconf 88' lang='lat' dir='ltr'>islam</span> <span class='ocrx_word' id='word_1_210' title='bbox 1279 3106 1358 3179; x_wconf 90' lang='lat' dir='ltr'>Do·</span> 
     </span>
     <span class='ocr_line' id='line_1_27' title="bbox 147 3193 1354 3372; baseline -0.002 -94"><span class='ocrx_word' id='word_1_211' title='bbox 147 3200 234 3315; x_wconf 77' lang='lat' dir='ltr'>mini</span> <span class='ocrx_word' id='word_1_212' title='bbox 249 3199 316 3372; x_wconf 74' lang='lat' dir='ltr'>ipsi</span> <span class='ocrx_word' id='word_1_213' title='bbox 332 3196 517 3364; x_wconf 69' lang='lat' dir='ltr'>contigsille</span> <span class='ocrx_word' id='word_1_214' title='bbox 535 3197 571 3269; x_wconf 93' lang='lat' dir='ltr'>in</span> <span class='ocrx_word' id='word_1_215' title='bbox 588 3197 674 3272; x_wconf 92' lang='lat' dir='ltr'>urbe</span> <span class='ocrx_word' id='word_1_216' title='bbox 694 3197 848 3364; x_wconf 57' lang='lat' dir='ltr'>vetiie’</span> <span class='ocrx_word' id='word_1_217' title='bbox 875 3193 952 3363; x_wconf 64' lang='lat' dir='ltr'>ppst</span> <span class='ocrx_word' id='word_1_218' title='bbox 969 3193 1122 3362; x_wconf 62' lang='lat' dir='ltr'>offitiiim</span> <span class='ocrx_word' id='word_1_219' title='bbox 1152 3199 1354 3310; x_wconf 72' lang='lat' dir='ltr'>sacramenti</span> 
     </span>
     <span class='ocr_line' id='line_1_28' title="bbox 146 3300 1353 3499; baseline -0.003 -29"><span class='ocrx_word' id='word_1_220' title='bbox 146 3300 673 3499; x_wconf 50' lang='lat' dir='ltr'>trististristis</span> <span class='ocrx_word' id='word_1_221' title='bbox 686 3313 1353 3495; x_wconf 45' lang='lat' dir='ltr'>sinististrististristis&amp;</span> 
     </span>
     <span class='ocr_line' id='line_1_29' title="bbox 144 3479 1460 3578; baseline -0.014 -13"><span class='ocrx_word' id='word_1_222' title='bbox 144 3483 591 3572; x_wconf 62' lang='lat' dir='ltr'>metuendumne,</span> <span class='ocrx_word' id='word_1_223' title='bbox 627 3479 707 3578; x_wconf 89' lang='lat' dir='ltr'>post</span> <span class='ocrx_word' id='word_1_224' title='bbox 740 3479 1151 3554; x_wconf 87' lang='lat' dir='ltr'>Transubstanttattonem</span> <span class='ocrx_word' id='word_1_225' title='bbox 1185 3489 1353 3562; x_wconf 84' lang='lat' dir='ltr'>manenti·</span> <span class='ocrx_word' id='word_1_226' title='bbox 1457 3542 1460 3547; x_wconf 88' lang='lat'>.</span> 
     </span>
     <span class='ocr_line' id='line_1_30' title="bbox 143 3575 1355 3666; baseline -0.002 -3"><span class='ocrx_word' id='word_1_227' title='bbox 143 3587 221 3663; x_wconf 78' lang='lat' dir='ltr'>bur.</span> <span class='ocrx_word' id='word_1_228' title='bbox 264 3579 436 3659; x_wconf 82' lang='lat' dir='ltr'>Adhaesit</span> <span class='ocrx_word' id='word_1_229' title='bbox 454 3600 575 3654; x_wconf 91' lang='lat' dir='ltr'>autem</span> <span class='ocrx_word' id='word_1_230' title='bbox 607 3579 761 3652; x_wconf 85' lang='lat' dir='ltr'>maxime</span> <span class='ocrx_word' id='word_1_231' title='bbox 785 3575 999 3666; x_wconf 82' lang='lat' dir='ltr'>Augustino,</span> <span class='ocrx_word' id='word_1_232' title='bbox 1039 3575 1087 3647; x_wconf 89' lang='lat' dir='ltr'>ita</span> <span class='ocrx_word' id='word_1_233' title='bbox 1112 3599 1151 3650; x_wconf 92' lang='lat' dir='ltr'>ut</span> <span class='ocrx_word' id='word_1_234' title='bbox 1174 3585 1355 3663; x_wconf 90' lang='lat' dir='ltr'>communi</span> 
     </span>
     <span class='ocr_line' id='line_1_31' title="bbox 143 3670 1352 3769; baseline 0.002 -17"><span class='ocrx_word' id='word_1_235' title='bbox 143 3682 155 3702; x_wconf 85' lang='lat'>&#39;</span> <span class='ocrx_word' id='word_1_236' title='bbox 176 3679 308 3757; x_wconf 68' lang='lat' dir='ltr'>&amp;uum</span> <span class='ocrx_word' id='word_1_237' title='bbox 323 3676 429 3752; x_wconf 88' lang='lat' dir='ltr'>fuerit</span> <span class='ocrx_word' id='word_1_238' title='bbox 443 3699 555 3766; x_wconf 89' lang='lat' dir='ltr'>voce,</span> <span class='ocrx_word' id='word_1_239' title='bbox 583 3676 733 3750; x_wconf 85' lang='lat' dir='ltr'>animam</span> <span class='ocrx_word' id='word_1_240' title='bbox 743 3670 930 3769; x_wconf 84' lang='lat' dir='ltr'>Augustini</span> <span class='ocrx_word' id='word_1_241' title='bbox 940 3670 1095 3767; x_wconf 79' lang='lat' dir='ltr'>migrasse</span> <span class='ocrx_word' id='word_1_242' title='bbox 1106 3672 1141 3746; x_wconf 90' lang='lat' dir='ltr'>in</span> <span class='ocrx_word' id='word_1_243' title='bbox 1160 3677 1196 3749; x_wconf 92' lang='lat' dir='ltr'>T</span> <span class='ocrx_word' id='word_1_244' title='bbox 1197 3676 1352 3760; x_wconf 87' lang='lat' dir='ltr'>hornam.</span> 
     </span>
     <span class='ocr_line' id='line_1_32' title="bbox 136 3706 1353 3866; baseline -0.004 -10"><span class='ocrx_word' id='word_1_245' title='bbox 136 3706 320 3856; x_wconf 50' lang='lat' dir='ltr'>{ommam</span> <span class='ocrx_word' id='word_1_246' title='bbox 346 3773 386 3847; x_wconf 91' lang='lat' dir='ltr'>in</span> <span class='ocrx_word' id='word_1_247' title='bbox 412 3771 565 3847; x_wconf 83' lang='lat' dir='ltr'>Ecclesia</span> <span class='ocrx_word' id='word_1_248' title='bbox 590 3770 794 3845; x_wconf 79' lang='lat' dir='ltr'>consecutus</span> <span class='ocrx_word' id='word_1_249' title='bbox 810 3765 861 3841; x_wconf 90' lang='lat' dir='ltr'>esl</span> <span class='ocrx_word' id='word_1_250' title='bbox 890 3773 1135 3862; x_wconf 88' lang='lat' dir='ltr'>autoritatem,</span> <span class='ocrx_word' id='word_1_251' title='bbox 1158 3772 1206 3845; x_wconf 88' lang='lat' dir='ltr'>ita</span> <span class='ocrx_word' id='word_1_252' title='bbox 1225 3795 1281 3866; x_wconf 88' lang='lat' dir='ltr'>ut,</span> <span class='ocrx_word' id='word_1_253' title='bbox 1313 3797 1353 3852; x_wconf 87' lang='lat' dir='ltr'>et</span> 
     </span>
     <span class='ocr_line' id='line_1_33' title="bbox 134 3865 1355 3965; baseline -0.004 -15"><span class='ocrx_word' id='word_1_254' title='bbox 134 3871 323 3954; x_wconf 75' lang='lat' dir='ltr'>concilia,</span> <span class='ocrx_word' id='word_1_255' title='bbox 354 3886 393 3942; x_wconf 91' lang='lat' dir='ltr'>et</span> <span class='ocrx_word' id='word_1_256' title='bbox 409 3870 543 3965; x_wconf 88' lang='lat' dir='ltr'>Papae,</span> <span class='ocrx_word' id='word_1_257' title='bbox 576 3867 649 3962; x_wconf 75' lang='lat' dir='ltr'>ejus</span> <span class='ocrx_word' id='word_1_258' title='bbox 673 3865 864 3940; x_wconf 79' lang='lat' dir='ltr'>dostrinam</span> <span class='ocrx_word' id='word_1_259' title='bbox 888 3887 957 3960; x_wconf 91' lang='lat' dir='ltr'>pro</span> <span class='ocrx_word' id='word_1_260' title='bbox 973 3887 1114 3952; x_wconf 89' lang='lat' dir='ltr'>norma,</span> <span class='ocrx_word' id='word_1_261' title='bbox 1154 3865 1264 3964; x_wconf 90' lang='lat' dir='ltr'>ipsum</span> <span class='ocrx_word' id='word_1_262' title='bbox 1291 3894 1355 3963; x_wconf 87' lang='lat' dir='ltr'>pro</span> 
     </span>
     <span class='ocr_line' id='line_1_34' title="bbox 140 3959 1350 4058; baseline -0.005 -12"><span class='ocrx_word' id='word_1_263' title='bbox 140 3968 319 4046; x_wconf 83' lang='lat' dir='ltr'>infallibili</span> <span class='ocrx_word' id='word_1_264' title='bbox 335 3963 516 4049; x_wconf 72' lang='lat' dir='ltr'>Doilore,</span> <span class='ocrx_word' id='word_1_265' title='bbox 553 3962 630 4035; x_wconf 83' lang='lat' dir='ltr'>fere</span> <span class='ocrx_word' id='word_1_266' title='bbox 649 3961 848 4034; x_wconf 87' lang='lat' dir='ltr'>habuerint.</span> <span class='ocrx_word' id='word_1_267' title='bbox 897 3961 1061 4034; x_wconf 81' lang='lat' dir='ltr'>Mortuus</span> <span class='ocrx_word' id='word_1_268' title='bbox 1082 3959 1133 4033; x_wconf 89' lang='lat' dir='ltr'>est</span> <span class='ocrx_word' id='word_1_269' title='bbox 1163 3987 1195 4038; x_wconf 89' lang='lat' dir='ltr'>a.</span> <span class='ocrx_word' id='word_1_270' title='bbox 1222 3988 1350 4058; x_wconf 64' lang='lat'>¹274·</span> 
     </span>
     <span class='ocr_line' id='line_1_35' title="bbox 136 4055 1352 4225; baseline -0.01 -81"><span class='ocrx_word' id='word_1_271' title='bbox 136 4082 183 4145; x_wconf 89' lang='lat' dir='ltr'>et</span> <span class='ocrx_word' id='word_1_272' title='bbox 206 4063 408 4162; x_wconf 78' lang='lat' dir='ltr'>aluhanne</span> <span class='ocrx_word' id='word_1_273' title='bbox 432 4059 550 4136; x_wconf 76' lang='lat' dir='ltr'>xxu,</span> <span class='ocrx_word' id='word_1_274' title='bbox 575 4056 702 4162; x_wconf 70' lang='lat' dir='ltr'>senilia</span> <span class='ocrx_word' id='word_1_275' title='bbox 712 4057 794 4225; x_wconf 86' lang='lat' dir='ltr'>Ysec.</span> <span class='ocrx_word' id='word_1_276' title='bbox 818 4056 922 4134; x_wconf 88' lang='lat' dir='ltr'>XsV.</span> <span class='ocrx_word' id='word_1_277' title='bbox 946 4055 1156 4153; x_wconf 80' lang='lat' dir='ltr'>adscriptor,</span> <span class='ocrx_word' id='word_1_278' title='bbox 1187 4078 1225 4134; x_wconf 92' lang='lat' dir='ltr'>et</span> <span class='ocrx_word' id='word_1_279' title='bbox 1251 4056 1352 4154; x_wconf 89' lang='lat' dir='ltr'>quin·</span> 
     </span>
     <span class='ocr_line' id='line_1_36' title="bbox 161 4160 1350 4245; baseline 0.008 -26"><span class='ocrx_word' id='word_1_280' title='bbox 161 4212 194 4219; x_wconf 86' lang='lat'>..</span> <span class='ocrx_word' id='word_1_281' title='bbox 643 4160 649 4172; x_wconf 76' lang='grc'><strong>”</strong></span> <span class='ocrx_word' id='word_1_282' title='bbox 768 4174 795 4245; x_wconf 83' lang='lat'>4</span> <span class='ocrx_word' id='word_1_283' title='bbox 1293 4168 1350 4230; x_wconf 81' lang='lat' dir='ltr'>tur</span> 
     </span>
    </p>
   </div>
   <div class='ocr_carea' id='block_1_3' title="bbox 0 0 1516 4806">
    <p class='ocr_par' dir='ltr' id='par_1_4' title="bbox 0 0 1516 4806">
     <span class='ocr_line' id='line_1_37' title="bbox 0 0 1516 4806; baseline 0 0"><span class='ocrx_word' id='word_1_284' title='bbox 0 0 1516 4806; x_wconf 95' lang='lat' dir='ltr'> </span> 
     </span>
    </p>
   </div>
  </div>
 </body>
</html>
