3022 4806
655 536 766 618 ucat
789 534 891 617 M
1299 558 1372 662 ⁸⁸3

146 725 318 804 Maccab.
342 719 460 820 pallim
485 718 716 814 contemplari
739 716 872 808 solent,
896 731 1060 812 uuquam
1083 721 1221 819 quaein
1239 722 1376 831 Regum·

147 822 282 897 christi
300 818 567 907 terminaretur,
584 840 622 891 et
638 815 891 915 perficeretur3
907 811 953 887 fic
968 813 1290 916 Zachar.X1V.,er
1306 833 1369 910 alr·-

150 921 209 1010 bi,
231 918 274 990 de
300 939 372 1014 quo
396 916 497 1010 saepe
518 915 612 1003 dixi,
638 934 676 987 ut
699 914 737 985 in
754 909 890 1007 Dfflrt.
905 909 950 980 ud
962 909 1053 987 Dan.
1085 914 1142 989 Ad
1160 917 1249 999 haec
1265 946 1370 1004 acce·

147 1017 226 1101 dir,
250 1011 441 1109 gloriosum
465 1008 639 1085 Ecclesiae
655 1007 777 1084 statum
794 1029 867 1082 nun
883 1002 953 1080 effe
967 1007 1277 1109 manifestandum,
1299 1023 1362 1104 nili

147 1110 230 1209 poll
253 1108 485 1206 gravissimam
502 1106 760 1192 adflictionem,
783 1124 821 1177 et
837 1101 1072 1210 miraculosam
1091 1105 1261 1189 Eccleliae
1274 1116 1364 1194 line-
1386 1143 1390 1150 ·

147 1203 343 1292 rationem,
369 1200 589 1297 hostiumque
617 1199 908 1300 prostrationem
939 1218 1038 1273 utut
1064 1200 1245 1285 harmonia
1268 1213 1360 1291 fato·

145 1326 224 1377 rum
249 1301 298 1376 V.
323 1318 359 1372 et
383 1299 433 1373 N.
462 1297 508 1371 T.
535 1303 606 1373 froc
622 1319 694 1371 tem
721 1319 782 1371 ore
798 1293 856 1369 sthi
872 1296 1026 1369 invicem
1044 1297 1292 1400 respondeant3
1313 1311 1362 1387 da

148 1420 223 1497 quo
242 1399 302 1471 suo
320 1396 400 1468 loco
417 1392 500 1466 dixi.
534 1393 630 1485 Ergo
649 1411 684 1467 et
695 1321 768 1467 inc
781 1389 1046 1500 fundamentum
1064 1392 1168 1468 facile
1182 1399 1266 1479 ruit,
1290 1407 1359 1480 ee·

148 1514 262 1572 ‘²¹⁰⁰'
288 1489 404 1660 liz?
429 1489 730 1660 filiiflii
748 1487 1124 1658 illinistis}
1141 1491 1296 1671 llll
1313 1522 1363 1672 f*

146 1613 266 1783 {incili
287 1609 538 1791 ethcc’leiiaez·
559 1704 627 1774 quo
640 1679 716 1778 ipso
729 1611 962 1776 iestringim‘ur
979 1680 1023 1754 ad
1037 1679 1222 1761 Ecclefiarn
1239 1623 1364 1789 JuiaiIt

146 1806 247 1869 cam,
272 1779 329 1850 fed
356 1778 391 1848 in
416 1776 602 1850 Chnstrana
625 1778 939 1852 consummandam.

198 1873 511 1972 §DCXXXVIL
544 1873 649 1948 Hisce
674 1868 906 1948 fundamentis
931 1867 1129 1964 destruetis,
1154 1875 1288 1956 facilior
1308 1884 1362 1965 est

148 1973 356 2069 lingularum
387 1970 487 2063 hujus
516 1970 753 2068 hypotheseos
776 1966 925 2064 partium
955 1966 1140 2046 refutatio:
1174 1976 1229 2051 fed
1256 2002 1360 2075 quant

148 2090 246 2146 nunc
263 2063 444 2138 instituere
461 2086 529 2137 non
549 2067 641 2139 licet.
690 2063 844 2138 Tantum
862 2084 970 2160 pauca
985 2063 1183 2170 proferam,
1198 2093 1245 2146 ct
1263 2076 1359 2159 viam

98 2215 101 2218 <
145 2166 192 2241 ad
214 2160 427 2237 intelledium
451 2158 630 2238 illustrium
652 2159 779 2242 horum
803 2158 968 2256 Cupitum
990 2160 1164 2254 aperiam:

489 2257 533 2329 A.
567 2261 649 2352 Cap.
680 2256 798 2330 LVII:
832 2276 964 2350 gurg.
996 2277 1069 2330 nou
1097 2256 1141 2332 ad
1169 2263 1359 2351 Ecclesiam
1390 2318 1392 2323 -

146 2350 280 2435 Christi
306 2348 573 2448 superstitiosam
597 2372 634 2424 et
657 2351 874 2447 tyrannicam
899 2351 1099 2445 pertinere,
1142 2353 1197 2433 sed
1225 2362 1269 2437 ad
1291 2366 1360 2445 Por

148 2452 269 2553 pulum
292 2447 496 2544 Judaicum,
528 2468 568 2521 ut
593 2446 661 2523 fuit
686 2468 846 2540 tempore
872 2446 1056 2538 Manassis,
1088 2466 1125 2524 et
1147 2456 1253 2551 paulo
1275 2482 1358 2538 anto

147 2546 292 2624 exilium
317 2544 502 2653 Babylon„
529 2565 618 2639 quac
643 2564 719 2616 mea
740 2539 792 2616 est
813 2542 961 2638 opinio,
986 2565 1031 2617 ex
1053 2565 1098 2619 eo
1119 2569 1192 2626 non
1218 2572 1355 2636 tantum

143 2640 443 2818 dissidiis?
457 2637 815 2831 fridunis&
833 2636 1357 2830 ttssiitqlllld‘dlzlffi

148 2837 220 2910 Pro
248 2831 319 2904 het.
346 2828 505 2923 objecto,
529 2829 751 2916 discedendi,
775 2848 845 2901 non
871 2845 1024 2917 tantum,
1050 2830 1190 2928 inquam
1201 2889 1221 2928 ,.
1237 2838 1294 2916 fed
1317 2856 1378 2926 et·

139 2951 189 3028 qn
263 2947 332 3000 non
364 2924 503 2999 obscura
536 2923 674 3000 exstent
704 2921 846 2998 criteria
871 2921 1056 3021 temporie,
1106 2929 1172 3001 uod
1203 2931 1355 3036 signavi,

144 3045 222 3101 turn
248 3021 284 3096 in
309 3020 531 3094 idololatriae
553 3019 807 3117 descriptione,
857 3020 968 3095 ualem
985 2949 1194 3102 tuueiuiffe·
1216 3037 1358 3112 exerci.

141 3139 216 3197 ram
240 3114 393 3204 constat,
420 3135 494 3190 tum
519 3117 555 3191 in
574 3117 751 3190 liberorum
772 3040 981 3190 maganum
1000 3115 1191 3212 Molecito,
1215 3145 1253 3201 et
1270 3129 1358 3208 Pro·

141 3217 324 3317 phetarnm
354 3209 549 3302 occisione3
591 3233 664 3287 tum
695 3212 844 3309 denique
872 3211 909 3285 iu
945 3209 1109 3308 perfugio
1140 3217 1183 3294 ad
1212 3221 1354 3323 Regem

141 3309 309 3410 AEgypti
332 3305 449 3381 auxilii
482 3306 599 3400 causa,
625 3307 740 3384 multia
771 3331 852 3383 cunr
883 3307 1083 3383 muneribus
1114 3335 1150 3388 v.
1173 3337 1229 3407 9.,
1255 3324 1353 3415 quod

139 3429 214 3520 non
239 3403 311 3576 ηὲξιξ
325 3425 463 3479 remote
489 3403 674 3480 admodum
697 3404 736 3479 iu
756 3401 912 3480 Ecclcfia
933 3403 1120 3484 renuncia
1141 3409 1357 3499 demonstra.

136 3524 172 3581 n
220 3520 258 3575 0l
312 3556 323 3576 .

196 3525 219 3599 p
478 3596 514 3671 B.
539 3594 708 3693 Pericopa
738 3596 806 3694 seq.
839 3620 932 3676 avr.
962 3618 1007 3689 14
1052 3596 1353 3703 adducente

142 3697 249 3790 longe
274 3689 388 3786 aptiua
407 3689 449 3765 ad
475 3693 595 3790 Populi
613 3693 750 3791 Judaici
768 3693 928 3769 conversi
952 3693 1189 3774 liberationem
1207 3721 1253 3775 en
1276 3710 1356 3787 exi·

143 3792 191 3866 lio
214 3788 351 3884 Babyl,
379 3806 478 3881 quam
504 3789 544 3860 ad
572 3790 743 3863 Ecclefiae
766 3789 1094 3881 Reformationem,
1117 3814 1155 3868 et
1170 3793 1357 3891 separatio.

144 3903 228 3962 nem
258 3885 317 3956 ab'
334 3880 483 3956 Ecclesia
515 3885 723 3976 Pontificia,
763 3886 942 3960 transferri
973 3885 1122 3981 patirur:
1163 3904 1238 3977 tunt
1260 3898 1355 3990 quod

140 4001 247 4061 taour
274 3977 477 4058 sanclitatic
497 3979 569 4063 Dei
590 3981 670 4082 jure
697 3983 929 4062 haereditario
958 3979 1092 4074 dicitur
1112 4007 1134 4066 a
1156 3984 1227 4086 pila
1247 3995 1355 4084 poffi.

133 4134 136 4138 -
664 4077 775 4156 Rtrr
796 4098 819 4154 2
1127 4132 1136 4160 ·.
1197 4081 1355 4189 ἀοιώκς
