3022 4806
416 662 442 723 .·
486 656 594 741 nnn
622 660 765 740 nnn·
1146 684 1220 769 au
1353 628 1361 663 ¹

316 836 546 919 recursui
586 790 905 920 ourunrntrs.
1014 874 1017 881 ·

119 1032 327 1110 :cuxxltt
352 1035 409 1109 De
432 1032 520 1109 statu
544 1032 767 1108 Ecclesrarurn
795 1032 1004 1107 Graecarum
1030 1049 1215 1132 antequam

119 1156 181 1222 m,
221 1128 362 1203 historia
391 1127 574 1204 schismatis
598 1128 648 1203 est
685 1130 928 1224 pertexenda,
958 1150 1016 1218 ur,
1048 1131 1217 1211 Ecclesrar

119 1250 152 1303 tr
175 1245 214 1301 et
240 1227 384 1299 Latinas
405 1224 560 1299 rnansrffe
583 1223 726 1313 divisas,
755 1229 803 1299 ob
826 1226 947 1297 eadem
970 1247 1010 1300 ac
1031 1246 1134 1303 antea
1158 1252 1216 1306 ca.

119 1322 287 1418 rdpareat.
334 1322 392 1395 De
417 1344 483 1418 qua
496 1319 671 1395 divifione
688 1321 793 1394 multa
809 1318 964 1414 prostant
990 1318 1214 1416 testimonia,

139 1415 345 1491 exhibenda.
377 1446 411 1493 a.
437 1419 557 1491 Canon
576 1418 688 1489 lVrur
711 1414 855 1489 concilii
878 1416 1118 1491 Lateranenfis
1143 1422 1213 1499 1V.

119 1512 311 1600 nocendo,
336 1535 408 1587 non
431 1532 567 1585 tanturn
588 1509 668 1608 ipsu
693 1510 809 1585 verbis
831 1509 865 1584 id
891 1510 1066 1601 adfirmat,
1092 1514 1150 1589 sed
1176 1534 1214 1593 et

143 1608 357 1683 Graecorum
373 1610 411 1684 iu
427 1607 572 1682 Latinor
587 1631 666 1680 eunr
685 1605 845 1703 adtigisse
862 1607 1006 1703 gradum
1026 1609 1147 1700 tradit,
1174 1632 1215 1690 nr

119 1701 178 1777 nir
202 1701 395 1800 baptizator
420 1702 731 1800 rebaptizaverint,
755 1703 895 1789 altaria,
921 1700 945 1775 fi
973 1702 1089 1777 Latini
1111 1705 1214 1802 super

119 1797 337 1875 tlebraverint
353 1798 492 1888 officia,
518 1799 668 1892 polluta,
694 1821 735 1874 ac
752 1798 939 1886 abluenda,
963 1799 1119 1873 dixerint
1142 1823 1211 1882 etc.

119 1894 212 1971 niam
229 1893 441 1983 Germanus,
465 1894 568 1969 CPoi.
584 1895 804 1984 Patriarcha,
831 1894 867 1968 in
884 1891 985 1990 epist.
1005 1893 1050 1968 ad
1066 1896 1213 2005 Cyprio·

119 1990 317 2065 :oteleriunr
346 1989 384 2065 in
409 1992 573 2064 Murrum.
599 1988 662 2064 Gr.
690 2011 775 2067 torn.
793 1993 841 2066 11.
866 1995 903 2074 β.
929 1989 1026 2062 ldern
1044 2010 1213 2076 evincunt

119 2083 575 2171 rerfiaecircadourinam,
592 2086 772 2180 regimen,
791 2105 829 2157 et
845 2086 949 2172 ritus,
970 2088 1062 2158 inter
1072 2087 1210 2186 eoragi·

119 2181 219 2281 Quae
235 2180 348 2277 capita
362 2183 420 2277 qui
431 2182 518 2255 scire
530 2178 636 2269 velit,
656 2181 756 2253 adeat
768 2181 902 2253 indicem
911 2179 1211 2276 dramdmuccu·

119 2300 160 2351 ur
186 2296 311 2351 eontra
333 2277 496 2367 Latinos,
522 2294 684 2368 tempure
707 2273 911 2348 innocentii
929 2277 997 2350 111.
1019 2277 1211 2374 icripturn,

119 2370 325 2447 Cotelerium
349 2371 440 2446 ibid.
469 2392 555 2447 torn.
583 2371 672 2457 111.,
697 2368 875 2466 epistolam
897 2372 1084 2464 Germani,
1106 2380 1214 2453 modu

119 2492 157 2561 r,
181 2469 263 2542 aliar
277 2464 382 2541 eriam
402 2469 614 2542 Graecorum
630 2463 793 2563 epistolar
813 2467 856 2541 ad
873 2468 1001 2564 Paper,
1022 2486 1062 2543 et
1085 2491 1212 2553 contra

119 2586 165 2654 tt,
187 2564 277 2659 apud
301 2564 459 2637 leonem
482 2562 645 2637 Ailatiurn
671 2562 718 2636 de
734 2560 885 2661 consensu
903 2584 974 2638 etc.
989 2564 1012 2639 Ι.
1031 2567 1077 2641 Π.
1097 2589 1130 2642 c.
1150 2590 1211 2661 15,

119 2681 180 2735 uec
205 2681 279 2734 non
312 2660 439 2755 scripta
463 2657 601 2733 eristica
619 2657 834 2735 Graecorum
855 2679 893 2732 et
910 2659 1139 2750 Latinorum
1165 2665 1210 2739 de

119 2783 123 2827 r
155 2775 251 2829 mor.
300 2757 456 2829 Fuerunt
488 2773 604 2828 autern
632 2755 819 2849 praecipua
844 2756 959 2850 capita
987 2778 1017 2828 1.
1042 2757 1210 2838 Primatur

118 2904 130 2941 ,
152 2874 255 2949 quern
283 2851 409 2925 Graeci
432 2850 628 2946 depingunt
655 2869 817 2945 tanquam
834 2872 854 2922 a
870 2849 1002 2922 Latinis
1018 2848 1120 2945 supra
1134 2855 1212 2927 reli.

119 2946 318 3023 ?atriarchaa
342 2969 412 3019 non
436 2966 569 3019 tantum
587 2942 772 3032 eventurn,
797 2945 856 3019 fed
871 2964 908 3017 et
925 2944 1126 3023 Christuac
1141 2950 1209 3023 Pe·

119 3065 219 3129 trem,
243 3043 315 3115 irno
345 3042 525 3138 majorem.
576 3040 770 3113 Germanus
796 3063 851 3114 ex.
904 3062 929 3114 r.
956 3042 979 3114 1.
1007 3040 1070 3115 cit.
1097 3044 1209 3139 dicit,

120 3136 531 3313 lrzlirusdnonsuliiner,
558 3134 714 3228 Christum
732 3153 829 3227 caput
851 3062 959 3228 effert
977 3143 1106 3228 vocari,
1122 3138 1209 3236 srd,

185 3261 220 3308 nc
244 3260 278 3308 or
301 3258 350 3306 rnr

119 3350 189 3406 etc.
216 3333 258 3405 In
286 3261 525 3421 accuArionurn
548 3332 653 3401 indice
676 3327 769 3401 inter
794 3326 861 3397 alia
877 3330 1045 3417 traditur,
1071 3335 1210 3408 eos-Pa·

119 3427 175 3500 'ere
198 3429 303 3521 supra
337 3426 468 3500 Petrum
498 3425 668 3521 deficare,
703 3422 738 3495 in
765 3421 883 3516 speeie
905 3424 1079 3517 carpitur,
1112 3430 1209 3525 quod

125 3524 187 3597 srbi
219 3521 428 3615 potestatem
445 3520 590 3616 adroget
606 3534 740 3612 percara
755 3520 960 3599 remittendi,
989 3544 1145 3601 canones.
1175 3545 1209 3602 er

124 3619 291 3710 abolendi,
308 3616 529 3715 dispensandi,
549 3619 765 3710 indulgentias
782 3616 968 3685 concedendi
981 3636 1047 3691 etc.
1076 3642 1108 3693 a.
1127 3620 1210 3695 Pro·

135 3714 281 3811 Spiritus
312 3717 347 3790 S.
372 3740 416 3789 err
442 3715 542 3786 Patre
567 3712 725 3804 dilioqur,
750 3712 855 3783 etiam
873 3712 1039 3806 Sym-boio
1056 3716 1140 3789 fidei
1157 3718 1209 3791 in·

135 3834 236 3907 quarn
270 3812 370 3883 multi
404 3811 616 3884 Graecorum
651 3809 907 3900 inpugnarunt,
934 3830 971 3881 ut
998 3810 1209 3886 Theodorus

119 3906 152 3983 ir
180 3907 297 4006 junior
330 3910 532 3996 inperator,
559 3905 752 3976 Germanus
778 3902 993 3983 Patriarcha.
1021 3905 1210 3997 Nicepho-

119 4004 318 4101 ernmyder,
346 4001 539 4099 Gregorius
557 3998 727 4096 Cyprius,
751 3998 820 4073 alii.
856 3998 942 4071 Vid.
971 3999 1046 4071 Leo
1064 4001 1212 4080 Aluna·

130 4122 167 4200 3.
186 4100 452 4196 Purgatoriutn,
475 4119 616 4268 nymli'
643 4091 998 4186 Transubstautiatiu,
1022 4093 1221 4264 cegibatn.

605 4210 669 4287 rg
1101 4212 1226 4285 errem

374 3240 527 3320 eiciens,
542 3231 686 3326 senioris
710 3230 838 3304 Romae
860 3233 1016 3340 Pontifici
1034 3234 1124 3312 iilum
1142 3239 1210 3310 iar.

1297 4258 1349 4540 i
