3022 4806
1089 528 1091 533 1
1453 518 1460 531 Ι

627 633 742 711 d'ecu's.
771 635 853 713 XV.
956 726 959 733 Δ
1310 668 1387 740 app

159 814 314 904 sedium,
338 829 384 888 at
406 808 633 910 *cum'dpsrua
655 812 790 909 synodi
806 810 1001 903 consensu,
1033 810 1186 909 denique
1209 836 1254 889 ex
1272 819 1379 913 instit

155 906 431 988 comminuit
452 909 583 1002 causta,
615 931 720 1006 quae·
739 930 811 983 non
844 909 1007 1000 fuerunt,
1041 931 1109 983 uec
1126 905 1303 1005 judicium
1327 917 1377 1019 da

155 1007 334 1102 iit-pena
359 1009 506 1099 Papam,
530 1005 589 1080 sed
609 1004 721 1101 ipsum
747 1004 954 1107 Spuodum,
974 1022 1058 1081 erat.

159 1130 184 1171 u
201 1103 235 1202 ς.
260 1103 536 1179 CCCCXXXV.
560 1101 846 1177 schismate-lucc
866 1105 1006 1177 ratione
1022 1098 1139 1193 farto,
1164 1122 1280 1200 parter
1299 1106 1373 1183 Eu.

150 1198 253 1373 all
276 1196 713 1368 llllzllllll‘llll‘
730 1194 1122 1386 libellulallll
1143 1200 1374 1375 “lll‘llll

151 1390 317 1489 Qum,
332 1408 371 1463 et
387 1390 592 1462 Fredericur
605 1389 692 1475 HL,
716 1386 973 1465 Germanorum
987 1374 1070 1465 Rea
1080 1442 1092 1477 ,
1104 1318 1374 1473 'neutrzlgltatem

152 1488 274 1563 venuit
301 1508 381 1560 cum
405 1484 629 1580 Principibus
654 1482 884 1573 Germaniae;
909 1483 967 1558 sed
991 1508 1032 1558 ea
1054 1483 1230 1567 obstacula
1252 1508 1272 1561 e
1294 1513 1375 1573 me,

152 1580 222 1657 dio
249 1579 423 1657 sustulit..
450 1578 648 1673 Alphonsua
681 1577 752 1652 sese
783 1579 896 1675 Papae
928 1579 1115 1676 opposuit,
1140 1584 1237 1661 causa
1269 1584 1371 1689 regni

149 1676 405 1789 Neapolitani,
433 1677 534 1772 .quod
566 1694 707 1749 mortua
741 1673 903 1771 Jobanna
933 1675 1075 1773 regina,
1108 1678 1185 1774 ipse
1208 1680 1370 1771 umato,

148 1774 254 1852 noct
276 1770 539 1871 andegavensi,
571 1773 742 1857 dederat,
775 1767 918 1869 ejusque
943 1771 1021 1868 jura
1053 1793 1175 1849 contra
1210 1776 1372 1870 Alphuu·

147 1868 246 1960 snut,
279 1872 381 1965 regui
410 1868 628 1955 invasorem,
660 1865 769 1939 tuitus
790 1885 882 1941 erat:
914 1866 1035 1963 postea
1061 1890 1169 1960 vero,
1191 1887 1233 1942 ut
1255 1875 1364 1963 eum,

147 1966 217 2065 qui
246 1987 420 2063 regnum,
452 1963 550 2058 pulso
582 1964 743 2050 Renato,
775 1983 1033 2057 occupaverat,
1059 1960 1122 2040 libi
1146 1963 1368 2058 devinciret,

147 2080 191 2143 ct
214 2082 236 2137 a
256 2060 374 2171 Felice
397 2080 444 2132 ac·
462 2056 827 2170 conciliollasrleeuse
850 2056 1087 2168 abstraheret,
1113 2060 1255 2168 ejusque
1278 2080 1368 2171 quoa

145 2150 991 2346 amsla?llllgllalllnll’l‘llr
1017 2152 1368 2347 l‘gllllllbll

145 2345 415 2438 investituram,
447 2367 535 2440 pace
557 2369 639 2418 cum
663 2343 739 2442 ipso
767 2340 864 2417 sassa.
916 2342 1019 2418 Paua
1049 2365 1226 2421 conventa
1249 2365 1285 2425 et
1310 2347 1365 2427 di.

180 2444 309 2517 lomata
341 2445 454 2537 Papae
484 2440 574 2514 hanc
599 2442 635 2514 in
661 2464 756 2528 rem,
789 2441 947 2514 recenset
972 2441 1168 2536 Raynaldur
1193 2466 1224 2517 a.
1254 2465 1361 2541 1443.

307 2537 341 2630 ⁶,
365 2536 425 2636 qui
448 2536 723 2623 neutralitatem,
750 2558 852 2630 quam
876 2539 918 2611 ab
940 2557 971 2612 a.
999 2544 1102 2630 1438.
1127 2536 1289 2635 perodio
1306 2564 1366 2617 au·

147 2656 218 2713 noa
243 2649 458 2722 tenuerant,
488 2632 668 2729 -Syuodum
695 2630 917 2706 Basileensem
948 2632 1207 2724 reveriti,.nec
1227 2637 1270 2711 ab
1292 2636 1367 2712 Eu·

147 2729 259 2843 genio
291 2727 522 2816 deficienter,
560 2726 714 2824 suspensa
746 2727 856 2800 veluti
889 2725 1109 2817 obedientia,
1146 2730 1261 2802 donec
1291 2731 1365 2813 alio

145 2850 193 2903 tn
222 2823 376 2898 concilio
409 2819 597 2897 concordia
627 2821 793 2913 iniretur,
817 2821 995 2895 redieruut
1018 2823 1076 2896 hia
1094 2821 1368 2902 'conditionibus

146 2922 193 2997 ad
217 2922 292 3017 ejus
314 2918 551 2994 obedientiam
576 2941 606 2993 a.
635 2940 739 3010 1447.
767 2936 804 2988 ut
833 2940 863 2991 ι.
887 2918 1050 3013 generale
1071 2916 1285 3009 concilium,
1307 2921 1363 2993 lo·

146 3038 197 3093 co
220 3037 259 3089 et
284 3036 449 3110 tempore
471 3014 704 3108 designando,
726 3013 978 3100 celebraretur,
1006 3035 1038 3087 a.
1055 3012 1231 3108 'proseffio
1248 3014 1363 3107 potes·

147 3118 253 3199 tatia,
276 3110 491 3199 autoritatis,
509 3131 543 3179 et
567 3108 863 3204 praeeminentiae
879 3108 1106 3183 conciliorum
1124 3109 1365 3206 generalium,

146 3230 171 3287 a
196 3207 320 3319 legatis
343 3203 558 3302 Apostolicia
580 3204 691 3295 sasla,
714 3203 979 3278 confirmaretur
1005 3203 1214 3297 diplomate,
1241 3228 1275 3299 3.
1299 3232 1361 3289 na·

147 3306 260 3381 tionra
277 3303 509 3377 Germanicae
524 3301 729 3396 gravamina
748 3300 972 3388 tollerentur,
999 3319 1034 3372 et
1058 3323 1094 3389 4.
1118 3302 1258 3375 decreta
1275 3326 1364 3381 con-

145 3418 204 3478 tra
225 3397 516 3493 Archie'piscopot
548 3412 583 3467 et
605 3394 805 3478 Electoren,
841 3396 1082 3471 coloniensem
1108 3416 1145 3469 et
1169 3397 1366 3479 Treviren·

145 3494 251 3588 fem,
275 3495 565 3570 rescinderentur.
617 3489 795 3566 Consensrt
832 3492 1009 3585 Eugeniua
1041 3492 1078 3565 iu
1094 3489 1162 3565 .haa
1185 3495 1363 3573 conditio·

144 3612 231 3679 ner,
256 3592 364 3665 editis
386 3589 647 3685 diplomatibus,
670 3586 758 3683 apud
779 3587 1013 3682 Raynaldum‚
1039 3588 1199 3664 censurat
1217 3610 1366 3685 propter

145 3689 396 3765 neutralitatem
429 3684 672 3781 pronunciatur
703 3682 909 3773 revocavit,
941 3705 979 3759 et
1003 3683 1079 3760 asta
1100 3684 1175 3784 ejut
1196 3705 1363 3784 tempore

141 3783 234 3867 [asta
256 3806 332 3857 rata
358 3785 486 3855 habuit.

151 3966 155 3971 ,
193 3881 227 3977 ς.
253 3878 549 3955 ccccxxxvl.
576 3877 645 3951 Sed
677 3899 733 3951 ret
762 3897 843 3950 cum
884 3875 986 3969 Rege
1033 3874 1194 3965 Galliae,
1235 3878 1364 3957 Catulo

140 3974 254 4063 vm,
276 3998 312 4050 et
330 3974 480 4049 Ecclesia
500 3974 697 4062 Gallicana,
717 3970 830 4046 minua
847 3994 891 4047 er
909 3990 996 4047 voto
1014 3966 1179 4047 succeffit.
1200 3972 1365 4069 Pragma-

134 4074 297 4179 n'tmj-a't
320 4071 538 4172 adpellatur,
552 4066 748 4244 sandiooin
772 4078 960 4149 conuentu
977 4065 1271 4151 arturianum
1284 4089 1366 4245 ²¹3¹,

667 4254 671 4261 .
712 4184 820 4257 004
