3022 4806
130 632 211 705 ,ω
526 593 970 701 materiatarum.

140 780 325 869 defensor,
355 798 467 864 nune,
498 795 579 850 cum
606 796 781 876 receptam
804 772 983 875 inciperet
1002 799 1077 876 opp
1147 794 1209 853 are
1232 768 1359 853 'closl'ri-

149 907 256 969 nam,
297 873 515 971 aplerisque
544 894 665 947 eorum
699 875 948 964 deserruuell,
992 880 1090 949 ntia
1151 876 1299 950 ichardo
1319 872 1360 945 ll·

148 983 278 1075 Rege,
306 974 407 1045 Duce
429 967 665 1059 lancastriae,
699 971 853 1065 aliisque.
903 972 1031 1045 Statim
1057 990 1146 1043 vero
1170 992 1214 1044 ac
1231 970 1363 1043 conclu·-

141 1076 272 1151 ‚sronea
298 1070 372 1141 suar
389 1063 601 1158 evulgasset,
626 1089 683 1138 ear
702 1067 952 1140 condemnavit
975 1069 1213 1141 Cancellariut
1239 1064 1362 1138 neate·

157 1173 248 1245 miae
280 1163 472 1234 Gulielmui
504 1162 547 1231 de
572 1163 727 1252 Berton,
762 1162 822 1256 qui
846 1165 922 1259 ejur
945 1163 1154 1257 opinionem
1180 1159 1361 1236 declaravit

155 1262 377 1346 haereticam,
399 1255 520 1327 addito
547 1257 606 1328 suh
631 1279 747 1351 poena
764 1259 1149 1332 excommunicationis
1167 1254 1360 1330 interditlo.

157 1354 373 1437 Provocavit
399 1350 543 1447 quidem
567 1351 744 1426 Wiclesus
768 1352 811 1425 ad
838 1356 996 1449 Regem,
1021 1357 1123 1450 eique
1142 1352 1361 1428 libellnmob·

146 1455 242 1530 -tulit
280 1446 489 1541 supplicem,
524 1470 596 1541 quo
629 1447 824 1521 doetrinam
849 1448 979 1524 Christi
1009 1450 1152 1542 publice
1182 1443 1361 1545 profitendi

145 1568 200 1632 ,et
231 1544 386 1619 docendi
421 1542 603 1615 licentiam
635 1544 759 1640 petiit,
793 1545 850 1618 sed
882 1546 967 1617 nihil
990 1545 1158 1638 profecit.
1206 1543 1361 1616 Narratur

143 1642 320 1741 ¹quidem,
337 1640 478 1713 Ducem
486 1635 704 1712 Lancastri'ae
722 1636 784 1731 ipsi
802 1662 872 1713 non
892 1641 1062 1714 silentium
1083 1661 1246 1732 mutum,
1263 1640 1317 1713 sed
1330 1651 1360 1706 rt

145 1735 463 1821 iretnshationem,
481 1732 688 1829 persuasisse.
715 1735 846 1808 Verum
864 1733 1126 1811 retrahationis
1142 1737 1324 1835 scriptum,
1342 1752 1359 1803 i

158 1836 291 1928 Lenya
316 1828 548 1915 recensitum,
573 1828 663 1903 nihil
688 1827 797 1901 simile
812 1832 984 1927 praefert,
1012 1832 1131 1927 potius
1148 1834 1358 1906 contrarium

161 1931 249 2009 Nec
274 1925 420 2000 cesiavit
443 1921 636 1997 doetrinam
653 1926 747 1999 suam
763 1928 1032 2025 quaquaversum
1053 1929 1240 2024 spargere3
1266 1923 1362 2001 hallu

164 2047 308 2138 quoque
332 2019 384 2096 est
406 2019 561 2095 fautores
588 2039 627 2094 et
655 2021 823 2100 adscelaii
857 2044 896 2096 ut
925 2023 1112 2096 Nicolaum
1141 2025 1374 2108 Hersordorn,·

156 2125 371 2219 Philippum
391 2116 855 2215 Rapingdum,Johanncm
875 2118 1029 2214 Aysten',
1054 2138 1093 2189 et
1107 2119 1208 2196 alios.
1233 2116 1360 2216 Synodu

152 2270 162 2283 -
192 2243 278 2294 orro
317 2240 336 2289 a
371 2214 607 2308 Courtenejo,
646 2215 926 2310 Archiepiscopo
957 2214 1219 2304 Cantuariensl,
1259 2208 1361 2290 cord!

200 2311 320 2387 ondirii
348 2316 506 2402 a.1382.
532 2308 660 2401 viginti
684 2329 828 2405 quatuor
847 2309 1104 2403 propositiones
1119 2308 1267 2385 Wiclefi
1281 2314 1359 2406 dane
1390 2366 1393 2380 .

162 2429 268 2483 natae
294 2406 390 2489 sunt,
414 2404 536 2474 decem
557 2404 689 2497 primae
707 2424 864 2500 tanquam
884 2407 1099 2493 haereticae,
1128 2408 1358 2506 reliquaequa·

165 2499 364 2576 tuordecim
393 2516 430 2566 ut
452 2518 640 2583 erroneae,
671 2518 708 2568 et
732 2499 1017 2573 determinationi
1046 2501 1357 2578 Ecclesiae-contra·

158 2597 248 2677 riae.
295 2593 394 2694 Quas·
421 2612 466 2661 ex
498 2587 583 2662 attis
615 2593 749 2685 Synodi
785 2596 1070 2681 Constantienfis,
1115 2598 1176 2670 ubi
1201 2621 1279 2673 cum
1301 2592 1361 2670 alii

156 2686 460 2795 propositiorirhui
498 2685 677 2760 damnatae
710 2690 808 2779 sunt,
848 2692 992 2764 exhibet
1023 2692 1200 2768 L’Enfant
1228 2694 1266 2769 in
1296 2685 1360 2767 hist

156 2782 877 2985 33‘'litt'‘{llittili,iussisti
893 2788 1362 2969 l‘lllislttliaiilt
1393 2820 1400 2915 ³.

168 2974 527 3059 Transubslantiatro‚
552 2976 722 3051 consellio
746 2977 1136 3073 peccatorummiffa,
1163 2981 1364 3075 polreffioia

167 3071 447 3169 temporaliuma
473 3070 636 3159 Clericir,
661 3094 699 3145 et
717 3077 840 3164 quibus
856 3075 1040 3160 adseritur,
1064 3074 1300 3173 Episcopum,
1320 3069 1364 3147 vd

164 3169 407 3254 sacerdotem,
438 3166 577 3260 peccati
611 3170 764 3243 mortalis
795 3193 912 3259 reum,
946 3171 1176 3261 sacramenta,
1211 3195 1282 3247 non
1312 3171 1365 3245 ritt

161 3262 429 3346 administrare,
456 3263 601 3355 Papam,
620 3263 643 3337 si
661 3263 968 3362 praestigiatorsrt,
988 3270 1187 3359 animales,
1205 3268 1301 3345 omni
1315 3288 1364 3361 pu·

164 3361 315 3448 testate,
348 3380 367 3429 a
399 3356 539 3431 Christo
565 3359 659 3446 data,
695 3364 879 3453 excidere,
911 3385 978 3435 nec
1003 3358 1081 3458 post
1107 3364 1288 3439 Urbanum
1312 3359 1365 3438 Vl.

162 3456 318 3551 aliquem
351 3476 416 3547 pro
447 3454 538 3547 Papa
565 3455 839 3551 agnoscendum,
880 3459 937 3533 sed
970 3458 1162 3534 vivendum
1196 3461 1367 3534 secundun

163 3551 331 3657 :proprias
356 3550 460 3641 leges.
511 3550 607 3623 Inter
621 3552 832 3648 posterioris
848 3553 987 3648 generis
1002 3558 1096 3642 sunt,
1120 3556 1301 3631 neminem
1316 3578 1366 3629 er·

170 3643 522 3732 communicandum,
549 3645 608 3718 nili
634 3668 714 3721 ante
739 3649 780 3721 fit
802 3675 821 3721 a
845 3651 926 3722 Deo
942 3653 1289 3743 excommunicatur,
1313 3666 1368 3726 ner
1397 3669 1401 3676 ·

173 3778 196 3831 ῃ
226 3741 487 3845 praedicatione
525 3761 585 3812 aur
617 3746 793 3818 auditione
825 3740 1012 3819 concioni'i
1040 3742 1286 3823 ¹abstinendum
1309 3744 1368 3822 elit

175 3860 321 3950 propter
343 3833 741 3941 excommunicationem
758 3840 958 3948 hominum,
985 3842 1145 3934 Diacono
1162 3850 1218 3919 vel
1237 3843 1370 3955 Presbp·

173 3967 255 4025 ,tero
282 3940 386 4012 licere
403 3926 613 4042 praedicare
637 3932 709 4008 line
735 3953 920 4010 autoritate
946 3939 1078 4032 Papae,
1110 3942 1167 4013 vel
1190 3943 1369 4040 Episcopi,

167 4038 274 4147 polit
306 4034 478 4121 Dommot
505 4025 672 4110 sotulares
690 4035 793 4113 hona
832 4035 1033 4132 temporatia
1050 4034 1375 4211 -eriperesslffi
