3022 4806
131 562 206 641 ,70
524 524 830 631 innovabant
854 521 973 624 carr
1236 482 1242 492 ’

143 711 370 815 Principem,
395 711 457 813 qni
473 707 663 788 baereticia
677 708 981 811 patrocinabatur,
1000 724 1042 784 et
1059 704 1282 801 conadam
1306 707 1365 786 At·

142 816 411 911 chieprlcopum
429 809 654 908 Purgenscm,
678 810 738 906 qui
762 814 805 881 ad
822 807 976 882 Husiitua
1001 807 1203 896 defecerat,
1226 814 1364 882 ababa·

145 931 240 986 mate
270 912 443 997 confixit,
482 925 521 980 et
546 906 792 993 exautotavit,
828 904 956 998 jubens
985 926 1128 1002 quoque
1161 904 1366 979 Germniae

146 1007 354 1104 Episcopir,
381 1023 420 1078 ut
443 1003 540 1077 illurn
555 1021 697 1097 captum
714 998 957 1075 incustodram
979 1010 1116 1076 duent.
1165 1000 1284 1098 Quam
1298 1001 1366 1075 seu·

148 1102 297 1176 tentiam
322 1097 480 1173 recenset
503 1099 674 1193 Raynald.
696 1119 728 1171 a.
757 1104 863 1188 ¹42⁶·
911 1095 1154 1187 hratricelua,
1176 1096 1366 1173 rrarmb

142 1203 290 1291 apininne
319 1197 434 1270 disier
466 1195 647 1285 initalia,
686 1190 879 1289 exstirpate
903 1192 1145 1283 adhbbravit,
1169 1196 1302 1269 litteris
1327 1191 1366 1269 ad

146 1295 319 1369 Praesnler
342 1310 377 1364 et
404 1287 629 1387 lnquifitorer
664 1313 710 1364 en
742 1290 852 1384 scopo
877 1290 988 1376 datis,
1020 1292 1109 1365 ibrd.
1145 1296 1241 1388 apud
1277 1291 1366 1387 Ray·

53 1471 59 1481 ⁸
147 1392 285 1463 baldum
310 1411 341 1458 a.
373 1395 478 1475 ¹428·
526 1386 693 1484 Denique
717 1384 889 1460 schismati
908 1386 1025 1482 Papali
1050 1388 1197 1482 penitus
1215 1389 1363 1463 rohenur

143 1482 304 1558 incubuit
331 1483 424 1556 felici
453 1504 531 1556 curn
561 1482 724 1556 succeffu.
773 1485 862 1554 Cum
886 1483 1107 1576 Alphnnlur‚
1144 1485 1362 1584 Arragnnun

144 1579 247 1668 Rex,
272 1579 505 1653 benedictum
531 1598 601 1652 non
631 1598 765 1651 tantum
793 1575 900 1649 suerit
919 1577 1027 1747 usaue
1039 1578 1085 1652 ad
1099 1598 1260 1654 mortem
1275 1581 1363 1678 ejm,

172 1697 238 1748 uae
259 1697 292 1750 a.
319 1695 422 1770 1423.
451 1676 625 1768 contigit,
657 1672 785 1761 tuitus,
816 1693 887 1745 non
910 1676 957 1746 nb
989 1692 1071 1748 ante
1089 1675 1252 1753 Concilii
1273 1678 1362 1753 Cun-

146 1695 342 1846 iruniensis
370 1773 538 1856 decreto,
570 1770 625 1842 led
659 1765 800 1862 etpost
832 1769 909 1864 ejus
942 1770 1080 1844 obitum
1114 1792 1256 1848 novum
1285 1766 1361 1871 dipl

145 1865 279 1942 fecerit
304 1868 429 1962 Papam
449 1864 656 1959 argenium
675 1860 910 1953 Munionem,
938 1866 1020 1938 licet
1043 1865 1221 1959 invitum,
1245 1866 1360 1945 adun

146 1962 494 2054 marcinannus,
519 1962 580 2036 sub
604 1960 744 2034 nomine
770 1960 943 2034 Clementis
961 1963 1086 2052 Vlll.,
1112 1962 1359 2058 Papamtlte·

144 2058 249 2134 matir
274 2057 480 2135 sententiam
504 2057 541 2132 in
566 2059 678 2157 ipsum
700 2059 861 2150 prolerre
883 2058 1035 2130 minatus
1064 2053 1127 2135 est.
1179 2059 1267 2160 Quo
1296 2078 1362 2137 rer·

144 2156 231 2231 titur
260 2157 460 2253 Alphonsur
492 2176 572 2231 cum
605 2155 682 2252 ipso
713 2152 749 2226 in
783 2153 926 2250 gratiam
950 2152 1055 2228 rediit
1080 2177 1112 2227 a.
1159 2162 1292 2248 14.¹⁸··
1324 2171 1359 2231 ct

144 2254 310 2326 Clemens
340 2252 374 2324 se
397 2251 571 2325 abdicavit
595 2276 625 2326 a.
666 2270 770 2337 1229.
823 2248 928 2344 Quod
961 2252 1164 2344 exemplum
1195 2275 1284 2328 mox
1312 2253 1359 2327 sa·

140 2366 243 2419 cutus
267 2345 319 2417 est
342 2347 538 2439 Johanncs,
573 2369 692 2419 corner
718 2346 935 2434 rlrmamaci,
961 2352 1017 2442 qui
1050 2349 1198 2420 schisma
1229 2346 1357 2424 strenoe

143 2440 309 2527 fovebat,
341 2442 523 2536 postquam
547 2443 647 2534 ,Papa
679 2443 884 2514 sententiam
921 2444 958 2512 in
992 2466 1072 2514 enm
1110 2443 1265 2535 tulisset,
1298 2466 1356 2542 qva

140 2536 316 2611 sacrorum
345 2558 414 2607 non
440 2556 572 2608 tanturn
602 2539 683 2624 ulii,
716 2533 774 2609 sed
802 2555 841 2609 et
863 2542 1048 2630 temporali
1072 2539 1275 2634 potestate,
1296 2539 1356 2640 pri·

143 2654 246 2707 vatus
291 2627 353 2705 est.
410 2629 492 2734 Quo
533 2633 680 2705 lulmine
718 2631 910 2727 prostratus
948 2637 1020 2708 sele
1053 2636 1166 2731 Papae
1199 2639 1353 2733 subjecit.

142 2729 225 2807 Hic
252 2728 388 2801 ratione
416 2726 552 2814 finitum
572 2727 622 2801 est
645 2723 787 2801 schisma
814 2729 958 2823 Pap-ale,
984 2738 1076 2828 qnnd
1100 2742 1142 2807 ab
1170 2756 1201 2807 a.
1234 2743 1353 2829 1378„

143 2849 217 2926 quo
240 2827 400 2899 Clemens
426 2825 509 2899 Vll.
535 2826 663 2900 elecius
686 2821 756 2913 est,
789 2825 970 2898 duraverat
1002 2829 1044 2899 ad
1069 2851 1099 2900 a.
1129 2851 1239 2922 1429.
1290 2833 1357 2906 De*

143 2946 254 3019 nique
278 2924 357 3018 jura
382 2919 471 2993 sedir
499 2920 811 3016 Papalis.feliciter
836 2925 1033 2996 vindicavit
1064 2924 1255 3002 Martinur.
1306 2929 1357 3002 lu·

141 3025 300 3114 pertavit
336 3018 505 3088 aCarolo
531 3018 634 3107 Vll,
669 3019 772 3113 Rege
797 3018 958 3105 Galliae,
994 3038 1032 3093 ut
1056 3027 1182 3117 leges,
1216 3049 1238 3098 a
1263 3025 1357 3099 Parta

142 3114 287 3186 durante
312 3111 499 3184 schismate
525 3112 632 3204 latae,
653 3115 698 3185 de
719 3113 973 3186 beneficiorum
990 3115 1204 3206 collatione,
1229 3140 1268 3194 et
1284 3141 1359 3195 mu·

143 3210 256 3283 sarum
289 3205 603 3283 Ecclefiasticarum
622 3211 780 3308 judicio,
806 3233 844 3282 rn
878 3212 1132 3306 prat-judicium
1165 3213 1258 3290 sedis
1288 3217 1358 3292 Ru·

141 3326 284 3394 manae,
308 3302 441 3378 suerint
459 3302 635 3396 rescissae,
660 3305 959 3418 velcrnendatae,
987 3309 1088 3405 Rege
1107 3333 1126 3382 a
1137 3308 1357 3423 juramento,

140 3401 966 3585 llll}ililzlhll‘fllllhlib
990 3406 1358 3603 {lilii-'hila

140 3591 333 3687 Hispania,
358 3612 396 3665 ct
420 3591 495 3666 aliis
519 3593 558 3666 in
585 3591 684 3672 locis.
730 3593 885 3690 Recepit
901 3593 1010 3668 etiam
1028 3596 1352 3675 Ecclesiasticaedl·

141 3688 248 3765 tionis
272 3689 395 3775 urbes,
437 3706 596 3782 tempore
629 3687 823 3765 schismatis
852 3711 1042 3786 occuparat
1073 3718 1093 3767 a
1128 3689 1347 3792 Pri-cipum

139 3787 276 3884 Quibus
295 3785 403 3856 verbo
422 3781 585 3873 addatur,
609 3786 747 3863 Urbani
763 3787 831 3864 IV.
855 3786 1037 3861 decretum
1052 3790 1096 3862 de
1099 3789 1198 3887 festu
1218 3794 1348 3887 emir

141 3883 260 3983 tlrrhh
278 3878 376 3955 inille
401 3876 540 3972 abipso
566 3904 663 3956 novo
686 3882 879 3979 diplomate
904 3886 1160 3962 confirmatum.

177 3981 212 4084 ς.
238 3977 510 4059 ccccxxvii.
545 3978 781 4077 Concilium,
820 4004 864 4058 ex
896 3985 1045 4064 decretu
1082 3985 1360 4066 constantiensi

1108 4084 1357 4167 celebrandum
