<?xml version="1.0" encoding="UTF-8"?>
<!DOCTYPE html PUBLIC "-//W3C//DTD XHTML 1.0 Transitional//EN"
    "http://www.w3.org/TR/xhtml1/DTD/xhtml1-transitional.dtd">
<html xmlns="http://www.w3.org/1999/xhtml" xml:lang="en" lang="en">
 <head>
  <title>
</title>
<meta http-equiv="Content-Type" content="text/html;charset=utf-8" />
  <meta name='ocr-system' content='tesseract 3.04.00' />
  <meta name='ocr-capabilities' content='ocr_page ocr_carea ocr_par ocr_line ocrx_word'/>
</head>
<body>
  <div class='ocr_page' id='page_1' title='image "./hermannivenemai00venegoog_0275.png"; bbox 0 0 3022 4806; ppageno 0'>
   <div class='ocr_carea' id='block_1_1' title="bbox 131 580 982 685">
    <p class='ocr_par' dir='ltr' id='par_1_1' title="bbox 131 580 982 685">
     <span class='ocr_line' id='line_1_1' title="bbox 131 580 982 685; baseline -0.004 -21"><span class='ocrx_word' id='word_1_1' title='bbox 131 585 208 665; x_wconf 68' lang='lat' dir='ltr'>rna</span> <span class='ocrx_word' id='word_1_2' title='bbox 541 580 688 681; x_wconf 74' lang='lat' dir='ltr'>Historia</span> <span class='ocrx_word' id='word_1_3' title='bbox 710 583 840 683; x_wconf 81' lang='lat' dir='ltr'>Ecclej.</span> <span class='ocrx_word' id='word_1_4' title='bbox 865 583 982 685; x_wconf 68' lang='lat' dir='ltr'>christ.</span> 
     </span>
    </p>
   </div>
   <div class='ocr_carea' id='block_1_2' title="bbox 143 759 1373 1725">
    <p class='ocr_par' dir='ltr' id='par_1_2' title="bbox 143 759 1373 1725">
     <span class='ocr_line' id='line_1_2' title="bbox 144 759 1373 861; baseline -0.007 -18"><span class='ocrx_word' id='word_1_5' title='bbox 144 768 325 843; x_wconf 89' lang='lat' dir='ltr'>sumuntur</span> <span class='ocrx_word' id='word_1_6' title='bbox 353 759 541 837; x_wconf 84' lang='lat' dir='ltr'>solenniter</span> <span class='ocrx_word' id='word_1_7' title='bbox 565 766 608 837; x_wconf 88' lang='lat' dir='ltr'>ab</span> <span class='ocrx_word' id='word_1_8' title='bbox 634 762 866 861; x_wconf 86' lang='lat' dir='ltr'>lnquifitore,</span> <span class='ocrx_word' id='word_1_9' title='bbox 901 760 1133 841; x_wconf 76' lang='lat' dir='ltr'>sacerdotibus</span> <span class='ocrx_word' id='word_1_10' title='bbox 1152 759 1305 861; x_wconf 82' lang='lat' dir='ltr'>stipato,</span> <span class='ocrx_word' id='word_1_11' title='bbox 1331 779 1373 836; x_wconf 84' lang='lat' dir='ltr'>et</span> 
     </span>
     <span class='ocr_line' id='line_1_3' title="bbox 144 859 1373 959; baseline -0.009 -19"><span class='ocrx_word' id='word_1_12' title='bbox 144 861 323 941; x_wconf 77' lang='lat' dir='ltr'>Ecclesiae</span> <span class='ocrx_word' id='word_1_13' title='bbox 338 859 631 950; x_wconf 85' lang='lat' dir='ltr'>reconciliantur3</span> <span class='ocrx_word' id='word_1_14' title='bbox 655 885 741 957; x_wconf 92' lang='lat' dir='ltr'>quos</span> <span class='ocrx_word' id='word_1_15' title='bbox 766 866 854 937; x_wconf 86' lang='lat' dir='ltr'>ritut</span> <span class='ocrx_word' id='word_1_16' title='bbox 873 882 1068 959; x_wconf 87' lang='lat' dir='ltr'>praetereo.</span> <span class='ocrx_word' id='word_1_17' title='bbox 1116 862 1184 935; x_wconf 85' lang='lat' dir='ltr'>Sed</span> <span class='ocrx_word' id='word_1_18' title='bbox 1209 864 1253 935; x_wconf 83' lang='lat' dir='ltr'>ad</span> <span class='ocrx_word' id='word_1_19' title='bbox 1272 880 1373 933; x_wconf 91' lang='lat' dir='ltr'>mor·</span> 
     </span>
     <span class='ocr_line' id='line_1_4' title="bbox 145 955 1366 1055; baseline -0.007 -19"><span class='ocrx_word' id='word_1_20' title='bbox 145 981 219 1053; x_wconf 83' lang='lat' dir='ltr'>tem</span> <span class='ocrx_word' id='word_1_21' title='bbox 244 955 393 1032; x_wconf 88' lang='lat' dir='ltr'>damnati</span> <span class='ocrx_word' id='word_1_22' title='bbox 412 978 494 1027; x_wconf 83' lang='lat' dir='ltr'>mox</span> <span class='ocrx_word' id='word_1_23' title='bbox 518 978 540 1029; x_wconf 85' lang='lat' dir='ltr'>a</span> <span class='ocrx_word' id='word_1_24' title='bbox 565 958 721 1031; x_wconf 80' lang='lat' dir='ltr'>l&#39;ecularie</span> <span class='ocrx_word' id='word_1_25' title='bbox 738 958 921 1055; x_wconf 69' lang='lat' dir='ltr'>potestatis</span> <span class='ocrx_word' id='word_1_26' title='bbox 942 956 1103 1033; x_wconf 81' lang='lat' dir='ltr'>ministro</span> <span class='ocrx_word' id='word_1_27' title='bbox 1120 956 1366 1043; x_wconf 83' lang='lat' dir='ltr'>vindicantur,</span> 
     </span>
     <span class='ocr_line' id='line_1_5' title="bbox 145 1051 1368 1156; baseline -0.006 -27"><span class='ocrx_word' id='word_1_28' title='bbox 145 1054 327 1156; x_wconf 85' lang='lat' dir='ltr'>postquam</span> <span class='ocrx_word' id='word_1_29' title='bbox 360 1051 483 1124; x_wconf 84' lang='lat' dir='ltr'>mortis</span> <span class='ocrx_word' id='word_1_30' title='bbox 515 1075 666 1145; x_wconf 84' lang='lat' dir='ltr'>poenam</span> <span class='ocrx_word' id='word_1_31' title='bbox 698 1056 908 1151; x_wconf 75' lang='lat' dir='ltr'>deprecatur</span> <span class='ocrx_word' id='word_1_32' title='bbox 935 1052 1046 1127; x_wconf 88' lang='lat' dir='ltr'>suerit</span> <span class='ocrx_word' id='word_1_33' title='bbox 1079 1052 1285 1153; x_wconf 86' lang='lat' dir='ltr'>inquisitor,</span> <span class='ocrx_word' id='word_1_34' title='bbox 1323 1066 1368 1122; x_wconf 86' lang='lat' dir='ltr'>et</span> 
     </span>
     <span class='ocr_line' id='line_1_6' title="bbox 145 1144 1372 1259; baseline -0.007 -32"><span class='ocrx_word' id='word_1_35' title='bbox 145 1153 190 1231; x_wconf 82' lang='lat' dir='ltr'>ad</span> <span class='ocrx_word' id='word_1_36' title='bbox 220 1149 373 1248; x_wconf 88' lang='lat' dir='ltr'>judicem</span> <span class='ocrx_word' id='word_1_37' title='bbox 404 1144 591 1221; x_wconf 89' lang='lat' dir='ltr'>secularem</span> <span class='ocrx_word' id='word_1_38' title='bbox 624 1149 863 1241; x_wconf 87' lang='lat' dir='ltr'>deducuntur,</span> <span class='ocrx_word' id='word_1_39' title='bbox 904 1149 965 1248; x_wconf 89' lang='lat' dir='ltr'>qui</span> <span class='ocrx_word' id='word_1_40' title='bbox 987 1149 1144 1259; x_wconf 80' lang='lat' dir='ltr'>praesent</span> <span class='ocrx_word' id='word_1_41' title='bbox 1168 1148 1285 1237; x_wconf 82' lang='lat' dir='ltr'>adest,</span> <span class='ocrx_word' id='word_1_42' title='bbox 1326 1163 1372 1256; x_wconf 68' lang='lat' dir='ltr'>tat</span> 
     </span>
     <span class='ocr_line' id='line_1_7' title="bbox 144 1242 1367 1345; baseline -0.004 -21"><span class='ocrx_word' id='word_1_43' title='bbox 144 1248 269 1325; x_wconf 76' lang='lat' dir='ltr'>mortis</span> <span class='ocrx_word' id='word_1_44' title='bbox 303 1242 508 1317; x_wconf 89' lang='lat' dir='ltr'>sententiam</span> <span class='ocrx_word' id='word_1_45' title='bbox 542 1243 667 1322; x_wconf 83' lang='lat' dir='ltr'>audiat.</span> <span class='ocrx_word' id='word_1_46' title='bbox 719 1244 796 1345; x_wconf 78' lang='lat' dir='ltr'>Qua</span> <span class='ocrx_word' id='word_1_47' title='bbox 824 1266 1077 1343; x_wconf 80' lang='lat' dir='ltr'>pronunciata,</span> <span class='ocrx_word' id='word_1_48' title='bbox 1103 1266 1294 1344; x_wconf 82' lang='lat' dir='ltr'>rogantur,</span> <span class='ocrx_word' id='word_1_49' title='bbox 1324 1266 1367 1319; x_wconf 88' lang='lat' dir='ltr'>rn</span> 
     </span>
     <span class='ocr_line' id='line_1_8' title="bbox 144 1336 1371 1455; baseline -0.001 -37"><span class='ocrx_word' id='word_1_50' title='bbox 144 1368 212 1455; x_wconf 84' lang='lat' dir='ltr'>qua</span> <span class='ocrx_word' id='word_1_51' title='bbox 238 1340 309 1414; x_wconf 86' lang='lat' dir='ltr'>fide</span> <span class='ocrx_word' id='word_1_52' title='bbox 336 1338 428 1412; x_wconf 90' lang='lat' dir='ltr'>mori</span> <span class='ocrx_word' id='word_1_53' title='bbox 447 1336 579 1430; x_wconf 91' lang='lat' dir='ltr'>velint,</span> <span class='ocrx_word' id='word_1_54' title='bbox 603 1343 645 1414; x_wconf 88' lang='lat' dir='ltr'>ad</span> <span class='ocrx_word' id='word_1_55' title='bbox 661 1349 850 1439; x_wconf 91' lang='lat' dir='ltr'>quodcum</span> <span class='ocrx_word' id='word_1_56' title='bbox 867 1340 1133 1438; x_wconf 79' lang='lat' dir='ltr'>responderint,</span> <span class='ocrx_word' id='word_1_57' title='bbox 1156 1344 1256 1439; x_wconf 86' lang='lat' dir='ltr'>palo,</span> <span class='ocrx_word' id='word_1_58' title='bbox 1281 1340 1371 1417; x_wconf 80' lang='lat' dir='ltr'>strui</span> 
     </span>
     <span class='ocr_line' id='line_1_9' title="bbox 143 1432 1369 1536; baseline -0.001 -22"><span class='ocrx_word' id='word_1_59' title='bbox 143 1441 324 1535; x_wconf 80' lang='lat' dir='ltr'>lignorum</span> <span class='ocrx_word' id='word_1_60' title='bbox 357 1432 528 1528; x_wconf 84' lang='lat' dir='ltr'>inpolito,</span> <span class='ocrx_word' id='word_1_61' title='bbox 561 1435 778 1535; x_wconf 83' lang='lat' dir='ltr'>adligantur,</span> <span class='ocrx_word' id='word_1_62' title='bbox 811 1438 870 1536; x_wconf 88' lang='lat' dir='ltr'>qui</span> <span class='ocrx_word' id='word_1_63' title='bbox 894 1438 1096 1511; x_wconf 76' lang='lat' dir='ltr'>catholicoe</span> <span class='ocrx_word' id='word_1_64' title='bbox 1130 1437 1165 1510; x_wconf 91' lang='lat' dir='ltr'>se</span> <span class='ocrx_word' id='word_1_65' title='bbox 1189 1438 1369 1535; x_wconf 85' lang='lat' dir='ltr'>profiten-</span> 
     </span>
     <span class='ocr_line' id='line_1_10' title="bbox 145 1529 1366 1629; baseline -0.005 -18"><span class='ocrx_word' id='word_1_66' title='bbox 145 1552 203 1611; x_wconf 87' lang='lat' dir='ltr'>tur</span> <span class='ocrx_word' id='word_1_67' title='bbox 227 1530 324 1628; x_wconf 88' lang='lat' dir='ltr'>prius</span> <span class='ocrx_word' id='word_1_68' title='bbox 351 1529 620 1627; x_wconf 85' lang='lat' dir='ltr'>strangulantur,</span> <span class='ocrx_word' id='word_1_69' title='bbox 643 1534 767 1629; x_wconf 83' lang='lat' dir='ltr'>reliqui</span> <span class='ocrx_word' id='word_1_70' title='bbox 783 1536 1035 1609; x_wconf 87' lang='lat' dir='ltr'>comburuntur</span> <span class='ocrx_word' id='word_1_71' title='bbox 1052 1532 1141 1607; x_wconf 83' lang='lat' dir='ltr'>vivi.</span> <span class='ocrx_word' id='word_1_72' title='bbox 1189 1538 1284 1607; x_wconf 88' lang='lat' dir='ltr'>Dum</span> <span class='ocrx_word' id='word_1_73' title='bbox 1302 1555 1366 1607; x_wconf 87' lang='lat' dir='ltr'>au·</span> 
     </span>
     <span class='ocr_line' id='line_1_11' title="bbox 144 1624 1367 1725; baseline -0.002 -20"><span class='ocrx_word' id='word_1_74' title='bbox 144 1646 218 1705; x_wconf 84' lang='lat' dir='ltr'>tem</span> <span class='ocrx_word' id='word_1_75' title='bbox 245 1627 283 1701; x_wconf 89' lang='lat' dir='ltr'>hi</span> <span class='ocrx_word' id='word_1_76' title='bbox 312 1627 354 1701; x_wconf 91' lang='lat' dir='ltr'>ad</span> <span class='ocrx_word' id='word_1_77' title='bbox 379 1624 584 1725; x_wconf 89' lang='lat' dir='ltr'>supplicium</span> <span class='ocrx_word' id='word_1_78' title='bbox 610 1629 804 1722; x_wconf 90' lang='lat' dir='ltr'>ducuntur,</span> <span class='ocrx_word' id='word_1_79' title='bbox 843 1626 906 1705; x_wconf 88' lang='lat' dir='ltr'>reli</span> <span class='ocrx_word' id='word_1_80' title='bbox 933 1628 969 1703; x_wconf 88' lang='lat' dir='ltr'>ui</span> <span class='ocrx_word' id='word_1_81' title='bbox 1001 1651 1082 1701; x_wconf 89' lang='lat' dir='ltr'>cunr</span> <span class='ocrx_word' id='word_1_82' title='bbox 1109 1628 1367 1721; x_wconf 73' lang='lat' dir='ltr'>fidejufforinue</span> 
     </span>
    </p>
   </div>
   <div class='ocr_carea' id='block_1_3' title="bbox 142 1653 1417 2409">
    <p class='ocr_par' dir='ltr' id='par_1_3' title="bbox 142 1653 1417 2409">
     <span class='ocr_line' id='line_1_12' title="bbox 144 1653 1366 1807; baseline 0.006 -8"><span class='ocrx_word' id='word_1_83' title='bbox 144 1724 181 1799; x_wconf 91' lang='lat' dir='ltr'>in</span> <span class='ocrx_word' id='word_1_84' title='bbox 209 1746 386 1799; x_wconf 87' lang='lat' dir='ltr'>carcerem</span> <span class='ocrx_word' id='word_1_85' title='bbox 419 1721 642 1802; x_wconf 85' lang='lat' dir='ltr'>reducuntur.</span> <span class='ocrx_word' id='word_1_86' title='bbox 690 1726 791 1799; x_wconf 88' lang='lat' dir='ltr'>Haec</span> <span class='ocrx_word' id='word_1_87' title='bbox 824 1722 876 1799; x_wconf 87' lang='lat' dir='ltr'>est</span> <span class='ocrx_word' id='word_1_88' title='bbox 907 1653 1035 1800; x_wconf 80' lang='lat' dir='ltr'>samosa</span> <span class='ocrx_word' id='word_1_89' title='bbox 1066 1724 1250 1801; x_wconf 71' lang='lat' dir='ltr'>itta-aetio</span> <span class='ocrx_word' id='word_1_90' title='bbox 1265 1725 1366 1807; x_wconf 76' lang='lat' dir='ltr'>ndei</span> 
     </span>
     <span class='ocr_line' id='line_1_13' title="bbox 143 1816 1362 1917; baseline 0.002 -23"><span class='ocrx_word' id='word_1_91' title='bbox 143 1820 365 1908; x_wconf 90' lang='lat' dir='ltr'>Lusrtanica,</span> <span class='ocrx_word' id='word_1_92' title='bbox 398 1819 530 1913; x_wconf 86' lang='lat' dir='ltr'>qualem</span> <span class='ocrx_word' id='word_1_93' title='bbox 558 1837 658 1893; x_wconf 91' lang='lat' dir='ltr'>autor</span> <span class='ocrx_word' id='word_1_94' title='bbox 682 1819 919 1915; x_wconf 80' lang='lat' dir='ltr'>inquisitionis</span> <span class='ocrx_word' id='word_1_95' title='bbox 943 1820 1086 1895; x_wconf 90' lang='lat' dir='ltr'>Goanae</span> <span class='ocrx_word' id='word_1_96' title='bbox 1110 1816 1362 1917; x_wconf 66' lang='lat' dir='ltr'>descripfitt.·a</span> 
     </span>
     <span class='ocr_line' id='line_1_14' title="bbox 167 1909 1360 2015; baseline -0.003 -23"><span class='ocrx_word' id='word_1_97' title='bbox 167 1940 209 1992; x_wconf 89' lang='lat' dir='ltr'>ua</span> <span class='ocrx_word' id='word_1_98' title='bbox 227 1918 397 2015; x_wconf 89' lang='lat' dir='ltr'>paululum</span> <span class='ocrx_word' id='word_1_99' title='bbox 422 1909 558 1987; x_wconf 80' lang='lat' dir='ltr'>diversa</span> <span class='ocrx_word' id='word_1_100' title='bbox 576 1912 627 1988; x_wconf 88' lang='lat' dir='ltr'>est</span> <span class='ocrx_word' id='word_1_101' title='bbox 646 1916 860 2011; x_wconf 89' lang='lat' dir='ltr'>Hispanica,</span> <span class='ocrx_word' id='word_1_102' title='bbox 884 1917 943 1991; x_wconf 90' lang='lat' dir='ltr'>cui</span> <span class='ocrx_word' id='word_1_103' title='bbox 968 1938 1040 1989; x_wconf 91' lang='lat' dir='ltr'>non</span> <span class='ocrx_word' id='word_1_104' title='bbox 1065 1917 1238 1994; x_wconf 89' lang='lat' dir='ltr'>inmoror.</span> <span class='ocrx_word' id='word_1_105' title='bbox 1288 1916 1360 2011; x_wconf 84' lang='lat' dir='ltr'>Sed</span> 
     </span>
     <span class='ocr_line' id='line_1_15' title="bbox 142 1942 1382 2111; baseline -0.001 -21"><span class='ocrx_word' id='word_1_106' title='bbox 142 1942 307 2105; x_wconf 67' lang='lat' dir='ltr'>sienae,</span> <span class='ocrx_word' id='word_1_107' title='bbox 332 2009 420 2083; x_wconf 89' lang='lat' dir='ltr'>etin</span> <span class='ocrx_word' id='word_1_108' title='bbox 440 2007 562 2098; x_wconf 89' lang='lat' dir='ltr'>Italia,</span> <span class='ocrx_word' id='word_1_109' title='bbox 587 2010 756 2107; x_wconf 88' lang='lat' dir='ltr'>ejusmodi</span> <span class='ocrx_word' id='word_1_110' title='bbox 773 2011 928 2085; x_wconf 80' lang='lat' dir='ltr'>solennes</span> <span class='ocrx_word' id='word_1_111' title='bbox 950 2011 1278 2107; x_wconf 69' lang='lat' dir='ltr'>processiones-non</span> <span class='ocrx_word' id='word_1_112' title='bbox 1297 2021 1382 2111; x_wconf 83' lang='lat' dir='ltr'>ob·.</span> 
     </span>
     <span class='ocr_line' id='line_1_16' title="bbox 143 2105 1363 2202; baseline 0 -17"><span class='ocrx_word' id='word_1_113' title='bbox 143 2111 281 2198; x_wconf 79' lang='lat' dir='ltr'>tinent,</span> <span class='ocrx_word' id='word_1_114' title='bbox 322 2129 387 2181; x_wconf 90' lang='lat' dir='ltr'>nec</span> <span class='ocrx_word' id='word_1_115' title='bbox 408 2107 516 2179; x_wconf 89' lang='lat' dir='ltr'>etiam</span> <span class='ocrx_word' id='word_1_116' title='bbox 545 2108 614 2181; x_wconf 88' lang='lat' dir='ltr'>hoc</span> <span class='ocrx_word' id='word_1_117' title='bbox 639 2108 754 2182; x_wconf 91' lang='lat' dir='ltr'>seculo</span> <span class='ocrx_word' id='word_1_118' title='bbox 787 2108 912 2184; x_wconf 90' lang='lat' dir='ltr'>alieubi</span> <span class='ocrx_word' id='word_1_119' title='bbox 929 2105 1086 2181; x_wconf 82' lang='lat' dir='ltr'>&#39;usitatae</span> <span class='ocrx_word' id='word_1_120' title='bbox 1112 2108 1278 2202; x_wconf 89' lang='lat' dir='ltr'>suerunt,</span> <span class='ocrx_word' id='word_1_121' title='bbox 1315 2106 1363 2185; x_wconf 89' lang='lat' dir='ltr'>&#39;ut</span> 
     </span>
     <span class='ocr_line' id='line_1_17' title="bbox 145 2199 1417 2303; baseline -0.001 -23"><span class='ocrx_word' id='word_1_122' title='bbox 145 2231 190 2281; x_wconf 88' lang='lat' dir='ltr'>ex</span> <span class='ocrx_word' id='word_1_123' title='bbox 219 2204 440 2303; x_wconf 81' lang='lat' dir='ltr'>Inquisitione</span> <span class='ocrx_word' id='word_1_124' title='bbox 464 2199 632 2276; x_wconf 90' lang='lat' dir='ltr'>Tolosana</span> <span class='ocrx_word' id='word_1_125' title='bbox 660 2224 768 2301; x_wconf 88' lang='lat' dir='ltr'>patet.</span> <span class='ocrx_word' id='word_1_126' title='bbox 815 2209 983 2279; x_wconf 84' lang='lat' dir='ltr'>Attamen</span> <span class='ocrx_word' id='word_1_127' title='bbox 1005 2202 1096 2276; x_wconf 63' lang='lat' dir='ltr'>allio</span> <span class='ocrx_word' id='word_1_128' title='bbox 1110 2203 1215 2295; x_wconf 89' lang='lat' dir='ltr'>fidei,</span> <span class='ocrx_word' id='word_1_129' title='bbox 1240 2228 1283 2281; x_wconf 88' lang='lat' dir='ltr'>ut</span> <span class='ocrx_word' id='word_1_130' title='bbox 1298 2210 1362 2281; x_wconf 84' lang='lat' dir='ltr'>ad·</span> <span class='ocrx_word' id='word_1_131' title='bbox 1414 2234 1417 2239; x_wconf 95' lang='lat'>·</span> 
     </span>
     <span class='ocr_line' id='line_1_18' title="bbox 142 2297 1363 2409; baseline 0.002 -35"><span class='ocrx_word' id='word_1_132' title='bbox 142 2305 306 2409; x_wconf 74' lang='lat' dir='ltr'>pellatur,</span> <span class='ocrx_word' id='word_1_133' title='bbox 347 2300 491 2406; x_wconf 78' lang='lat' dir='ltr'>publice</span> <span class='ocrx_word' id='word_1_134' title='bbox 517 2297 651 2393; x_wconf 85' lang='lat' dir='ltr'>semper</span> <span class='ocrx_word' id='word_1_135' title='bbox 679 2301 745 2374; x_wconf 87' lang='lat' dir='ltr'>suit</span> <span class='ocrx_word' id='word_1_136' title='bbox 768 2301 945 2387; x_wconf 86' lang='lat' dir='ltr'>instituta,</span> <span class='ocrx_word' id='word_1_137' title='bbox 987 2319 1024 2371; x_wconf 90' lang='lat' dir='ltr'>et</span> <span class='ocrx_word' id='word_1_138' title='bbox 1048 2298 1219 2376; x_wconf 79' lang='lat' dir='ltr'>sententia</span> <span class='ocrx_word' id='word_1_139' title='bbox 1247 2304 1363 2377; x_wconf 85' lang='lat' dir='ltr'>solen·</span> 
     </span>
    </p>
   </div>
   <div class='ocr_carea' id='block_1_4' title="bbox 130 2394 1359 4033">
    <p class='ocr_par' dir='ltr' id='par_1_4' title="bbox 130 2394 1359 4033">
     <span class='ocr_line' id='line_1_19' title="bbox 141 2394 1359 2493; baseline 0.002 -24"><span class='ocrx_word' id='word_1_140' title='bbox 141 2419 237 2469; x_wconf 89' lang='lat' dir='ltr'>nrrer</span> <span class='ocrx_word' id='word_1_141' title='bbox 264 2415 512 2490; x_wconf 79' lang='lat' dir='ltr'>pronunciata:</span> <span class='ocrx_word' id='word_1_142' title='bbox 541 2416 604 2487; x_wconf 86' lang='lat' dir='ltr'>qua</span> <span class='ocrx_word' id='word_1_143' title='bbox 623 2394 755 2482; x_wconf 84' lang='lat' dir='ltr'>forma,</span> <span class='ocrx_word' id='word_1_144' title='bbox 779 2415 814 2469; x_wconf 91' lang='lat' dir='ltr'>et</span> <span class='ocrx_word' id='word_1_145' title='bbox 838 2399 963 2493; x_wconf 77' lang='lat' dir='ltr'>quibus</span> <span class='ocrx_word' id='word_1_146' title='bbox 980 2395 1127 2484; x_wconf 76' lang='lat' dir='ltr'>ritibus,</span> <span class='ocrx_word' id='word_1_147' title='bbox 1154 2396 1240 2469; x_wconf 86' lang='lat' dir='ltr'>nihil</span> <span class='ocrx_word' id='word_1_148' title='bbox 1261 2398 1359 2471; x_wconf 87' lang='lat' dir='ltr'>adti-</span> 
     </span>
     <span class='ocr_line' id='line_1_20' title="bbox 140 2486 1353 2581; baseline 0.005 -16"><span class='ocrx_word' id='word_1_149' title='bbox 140 2511 203 2565; x_wconf 89' lang='lat' dir='ltr'>net</span> <span class='ocrx_word' id='word_1_150' title='bbox 227 2489 405 2562; x_wconf 84' lang='lat' dir='ltr'>enarrasle.</span> <span class='ocrx_word' id='word_1_151' title='bbox 457 2486 545 2560; x_wconf 86' lang='lat' dir='ltr'>illud</span> <span class='ocrx_word' id='word_1_152' title='bbox 571 2488 926 2581; x_wconf 80' lang='lat' dir='ltr'>adhucpotandum,</span> <span class='ocrx_word' id='word_1_153' title='bbox 959 2490 1087 2580; x_wconf 87' lang='lat' dir='ltr'>lintea,</span> <span class='ocrx_word' id='word_1_154' title='bbox 1121 2490 1353 2571; x_wconf 80' lang='lat' dir='ltr'>Ecclefiarum</span> 
     </span>
     <span class='ocr_line' id='line_1_21' title="bbox 170 2581 1356 2683; baseline 0.003 -24"><span class='ocrx_word' id='word_1_155' title='bbox 170 2583 332 2659; x_wconf 80' lang='lat' dir='ltr'>arietibus</span> <span class='ocrx_word' id='word_1_156' title='bbox 354 2582 486 2668; x_wconf 83' lang='lat' dir='ltr'>adfixa,</span> <span class='ocrx_word' id='word_1_157' title='bbox 511 2581 548 2654; x_wconf 95' lang='lat' dir='ltr'>in</span> <span class='ocrx_word' id='word_1_158' title='bbox 578 2584 770 2679; x_wconf 81' lang='lat' dir='ltr'>paroeciis,</span> <span class='ocrx_word' id='word_1_159' title='bbox 796 2588 856 2661; x_wconf 89' lang='lat' dir='ltr'>ubi</span> <span class='ocrx_word' id='word_1_160' title='bbox 883 2589 1049 2660; x_wconf 84' lang='lat' dir='ltr'>vixerunt</span> <span class='ocrx_word' id='word_1_161' title='bbox 1081 2587 1254 2662; x_wconf 84' lang='lat' dir='ltr'>haeretici</span> <span class='ocrx_word' id='word_1_162' title='bbox 1277 2586 1356 2683; x_wconf 82' lang='lat' dir='ltr'>illi,</span> 
     </span>
     <span class='ocr_line' id='line_1_22' title="bbox 140 2610 1358 2776; baseline 0.006 -20"><span class='ocrx_word' id='word_1_163' title='bbox 140 2610 241 2761; x_wconf 74' lang='lat' dir='ltr'>solita</span> <span class='ocrx_word' id='word_1_164' title='bbox 267 2679 368 2753; x_wconf 86' lang='lat' dir='ltr'>fuisse</span> <span class='ocrx_word' id='word_1_165' title='bbox 392 2676 572 2768; x_wconf 89' lang='lat' dir='ltr'>suspendi,</span> <span class='ocrx_word' id='word_1_166' title='bbox 598 2701 676 2753; x_wconf 92' lang='lat' dir='ltr'>curn</span> <span class='ocrx_word' id='word_1_167' title='bbox 696 2685 886 2776; x_wconf 86' lang='lat' dir='ltr'>personae,</span> <span class='ocrx_word' id='word_1_168' title='bbox 911 2682 1084 2769; x_wconf 84' lang='lat' dir='ltr'>criminin,</span> <span class='ocrx_word' id='word_1_169' title='bbox 1109 2702 1144 2753; x_wconf 89' lang='lat' dir='ltr'>et</span> <span class='ocrx_word' id='word_1_170' title='bbox 1160 2684 1358 2763; x_wconf 85' lang='lat' dir='ltr'>sententiae</span> 
     </span>
     <span class='ocr_line' id='line_1_23' title="bbox 142 2771 1359 2876; baseline 0.005 -22"><span class='ocrx_word' id='word_1_171' title='bbox 142 2775 401 2876; x_wconf 87' lang='lat' dir='ltr'>descriptione,</span> <span class='ocrx_word' id='word_1_172' title='bbox 443 2771 479 2844; x_wconf 91' lang='lat' dir='ltr'>in</span> <span class='ocrx_word' id='word_1_173' title='bbox 505 2795 710 2871; x_wconf 89' lang='lat' dir='ltr'>perpetuam</span> <span class='ocrx_word' id='word_1_174' title='bbox 741 2778 978 2869; x_wconf 86' lang='lat' dir='ltr'>memoriam,</span> <span class='ocrx_word' id='word_1_175' title='bbox 1012 2777 1154 2874; x_wconf 73' lang='lat' dir='ltr'>majoris</span> <span class='ocrx_word' id='word_1_176' title='bbox 1186 2779 1359 2859; x_wconf 76' lang='lat' dir='ltr'>infamiae</span> 
     </span>
     <span class='ocr_line' id='line_1_24' title="bbox 140 2898 238 2973; baseline -0.02 -23"><span class='ocrx_word' id='word_1_177' title='bbox 140 2898 238 2973; x_wconf 80' lang='lat' dir='ltr'>ergo.</span> 
     </span>
     <span class='ocr_line' id='line_1_25' title="bbox 149 2965 1358 3069; baseline 0.007 -26"><span class='ocrx_word' id='word_1_178' title='bbox 149 3046 153 3053; x_wconf 78' lang='grc'>,</span> <span class='ocrx_word' id='word_1_179' title='bbox 187 2971 220 3069; x_wconf 66' lang='lat' dir='ltr'>s.</span> <span class='ocrx_word' id='word_1_180' title='bbox 246 2966 436 3043; x_wconf 88' lang='lat' dir='ltr'>CCXXXI.</span> <span class='ocrx_word' id='word_1_181' title='bbox 470 2965 575 3064; x_wconf 86' lang='lat' dir='ltr'>Quod</span> <span class='ocrx_word' id='word_1_182' title='bbox 592 2991 680 3042; x_wconf 91' lang='lat' dir='ltr'>vero</span> <span class='ocrx_word' id='word_1_183' title='bbox 704 2966 746 3041; x_wconf 87' lang='lat' dir='ltr'>ad</span> <span class='ocrx_word' id='word_1_184' title='bbox 763 2965 935 3066; x_wconf 85' lang='lat' dir='ltr'>fugitivos</span> <span class='ocrx_word' id='word_1_185' title='bbox 957 2970 1177 3059; x_wconf 78' lang='lat' dir='ltr'>haereticos,</span> <span class='ocrx_word' id='word_1_186' title='bbox 1203 2990 1358 3051; x_wconf 85' lang='lat' dir='ltr'>etmor·</span> 
     </span>
     <span class='ocr_line' id='line_1_26' title="bbox 137 3059 1358 3163; baseline 0.005 -21"><span class='ocrx_word' id='word_1_187' title='bbox 137 3084 217 3143; x_wconf 84' lang='lat' dir='ltr'>tuos</span> <span class='ocrx_word' id='word_1_188' title='bbox 240 3064 277 3137; x_wconf 93' lang='lat' dir='ltr'>in</span> <span class='ocrx_word' id='word_1_189' title='bbox 303 3059 453 3150; x_wconf 88' lang='lat' dir='ltr'>haeresi,</span> <span class='ocrx_word' id='word_1_190' title='bbox 479 3064 636 3152; x_wconf 81' lang='lat' dir='ltr'>adtinet3</span> <span class='ocrx_word' id='word_1_191' title='bbox 672 3065 828 3160; x_wconf 82' lang='lat' dir='ltr'>priores,</span> <span class='ocrx_word' id='word_1_192' title='bbox 854 3067 931 3163; x_wconf 89' lang='lat' dir='ltr'>post</span> <span class='ocrx_word' id='word_1_193' title='bbox 950 3066 1126 3153; x_wconf 83' lang='lat' dir='ltr'>solennem</span> <span class='ocrx_word' id='word_1_194' title='bbox 1153 3069 1358 3147; x_wconf 89' lang='lat' dir='ltr'>damnatio·</span> 
     </span>
     <span class='ocr_line' id='line_1_27' title="bbox 136 3154 1357 3261; baseline 0.008 -26"><span class='ocrx_word' id='word_1_195' title='bbox 136 3184 218 3239; x_wconf 90' lang='lat' dir='ltr'>nem</span> <span class='ocrx_word' id='word_1_196' title='bbox 243 3154 280 3231; x_wconf 85' lang='lat' dir='ltr'>in</span> <span class='ocrx_word' id='word_1_197' title='bbox 304 3155 429 3247; x_wconf 83' lang='lat' dir='ltr'>statua,</span> <span class='ocrx_word' id='word_1_198' title='bbox 457 3159 636 3232; x_wconf 92' lang='lat' dir='ltr'>traduntur</span> <span class='ocrx_word' id='word_1_199' title='bbox 660 3160 807 3234; x_wconf 89' lang='lat' dir='ltr'>brachio</span> <span class='ocrx_word' id='word_1_200' title='bbox 832 3160 992 3254; x_wconf 88' lang='lat' dir='ltr'>seculari,</span> <span class='ocrx_word' id='word_1_201' title='bbox 1018 3186 1054 3237; x_wconf 92' lang='lat' dir='ltr'>et</span> <span class='ocrx_word' id='word_1_202' title='bbox 1075 3163 1111 3237; x_wconf 94' lang='lat' dir='ltr'>in</span> <span class='ocrx_word' id='word_1_203' title='bbox 1129 3188 1205 3238; x_wconf 84' lang='lat' dir='ltr'>eaa</span> <span class='ocrx_word' id='word_1_204' title='bbox 1227 3167 1357 3261; x_wconf 88' lang='lat' dir='ltr'>judice</span> 
     </span>
     <span class='ocr_line' id='line_1_28' title="bbox 135 3257 1355 3357; baseline 0.007 -23"><span class='ocrx_word' id='word_1_205' title='bbox 135 3257 281 3335; x_wconf 87' lang='lat' dir='ltr'>seculari</span> <span class='ocrx_word' id='word_1_206' title='bbox 302 3273 586 3331; x_wconf 86' lang='lat' dir='ltr'>concremantur:</span> <span class='ocrx_word' id='word_1_207' title='bbox 628 3257 721 3352; x_wconf 87' lang='lat' dir='ltr'>quod</span> <span class='ocrx_word' id='word_1_208' title='bbox 749 3275 864 3332; x_wconf 90' lang='lat' dir='ltr'>tamen</span> <span class='ocrx_word' id='word_1_209' title='bbox 896 3260 966 3332; x_wconf 88' lang='lat' dir='ltr'>hoc</span> <span class='ocrx_word' id='word_1_210' title='bbox 997 3281 1158 3357; x_wconf 88' lang='lat' dir='ltr'>tempore</span> <span class='ocrx_word' id='word_1_211' title='bbox 1191 3266 1355 3343; x_wconf 88' lang='lat' dir='ltr'>nondum</span> 
     </span>
     <span class='ocr_line' id='line_1_29' title="bbox 135 3350 1358 3450; baseline 0.006 -22"><span class='ocrx_word' id='word_1_212' title='bbox 135 3352 209 3433; x_wconf 81' lang='lat' dir='ltr'>fuit</span> <span class='ocrx_word' id='word_1_213' title='bbox 243 3352 281 3425; x_wconf 92' lang='lat' dir='ltr'>in</span> <span class='ocrx_word' id='word_1_214' title='bbox 313 3350 392 3440; x_wconf 90' lang='lat' dir='ltr'>usu,</span> <span class='ocrx_word' id='word_1_215' title='bbox 433 3372 522 3442; x_wconf 89' lang='lat' dir='ltr'>nec,</span> <span class='ocrx_word' id='word_1_216' title='bbox 555 3352 692 3447; x_wconf 90' lang='lat' dir='ltr'>quando</span> <span class='ocrx_word' id='word_1_217' title='bbox 724 3356 904 3450; x_wconf 90' lang='lat' dir='ltr'>coeperit,</span> <span class='ocrx_word' id='word_1_218' title='bbox 947 3357 1092 3430; x_wconf 85' lang='lat' dir='ltr'>constat.</span> <span class='ocrx_word' id='word_1_219' title='bbox 1143 3359 1358 3439; x_wconf 78' lang='lat' dir='ltr'>Mortuerum</span> 
     </span>
     <span class='ocr_line' id='line_1_30' title="bbox 136 3444 1354 3550; baseline 0.003 -23"><span class='ocrx_word' id='word_1_220' title='bbox 136 3472 248 3539; x_wconf 78' lang='lat' dir='ltr'>vero,</span> <span class='ocrx_word' id='word_1_221' title='bbox 274 3446 345 3521; x_wconf 89' lang='lat' dir='ltr'>srve</span> <span class='ocrx_word' id='word_1_222' title='bbox 363 3447 399 3521; x_wconf 95' lang='lat' dir='ltr'>in</span> <span class='ocrx_word' id='word_1_223' title='bbox 423 3469 565 3521; x_wconf 90' lang='lat' dir='ltr'>carcere</span> <span class='ocrx_word' id='word_1_224' title='bbox 583 3444 839 3544; x_wconf 83' lang='lat' dir='ltr'>lnquisrtionir,</span> <span class='ocrx_word' id='word_1_225' title='bbox 865 3451 1044 3550; x_wconf 86' lang='lat' dir='ltr'>postquam</span> <span class='ocrx_word' id='word_1_226' title='bbox 1062 3453 1105 3526; x_wconf 93' lang='lat' dir='ltr'>de</span> <span class='ocrx_word' id='word_1_227' title='bbox 1122 3475 1244 3527; x_wconf 89' lang='lat' dir='ltr'>eorum</span> <span class='ocrx_word' id='word_1_228' title='bbox 1263 3457 1354 3533; x_wconf 83' lang='lat' dir='ltr'>hae·</span> 
     </span>
     <span class='ocr_line' id='line_1_31' title="bbox 136 3541 1354 3646; baseline 0.007 -26"><span class='ocrx_word' id='word_1_229' title='bbox 136 3544 203 3622; x_wconf 86' lang='lat' dir='ltr'>resr</span> <span class='ocrx_word' id='word_1_230' title='bbox 219 3541 446 3634; x_wconf 85' lang='lat' dir='ltr'>constiterit,</span> <span class='ocrx_word' id='word_1_231' title='bbox 478 3541 551 3619; x_wconf 86' lang='lat' dir='ltr'>five</span> <span class='ocrx_word' id='word_1_232' title='bbox 578 3542 641 3618; x_wconf 85' lang='lat' dir='ltr'>fibi</span> <span class='ocrx_word' id='word_1_233' title='bbox 664 3567 784 3621; x_wconf 85' lang='lat' dir='ltr'>manus</span> <span class='ocrx_word' id='word_1_234' title='bbox 807 3549 1012 3640; x_wconf 87' lang='lat' dir='ltr'>intulerint,</span> <span class='ocrx_word' id='word_1_235' title='bbox 1054 3549 1112 3646; x_wconf 90' lang='lat' dir='ltr'>qui</span> <span class='ocrx_word' id='word_1_236' title='bbox 1139 3572 1204 3644; x_wconf 89' lang='lat' dir='ltr'>pro</span> <span class='ocrx_word' id='word_1_237' title='bbox 1228 3548 1354 3628; x_wconf 84' lang='lat' dir='ltr'>haere·</span> 
     </span>
     <span class='ocr_line' id='line_1_32' title="bbox 134 3636 1353 3744; baseline 0.007 -28"><span class='ocrx_word' id='word_1_238' title='bbox 134 3639 218 3717; x_wconf 83' lang='lat' dir='ltr'>ticia</span> <span class='ocrx_word' id='word_1_239' title='bbox 236 3641 429 3725; x_wconf 87' lang='lat' dir='ltr'>habentur,</span> <span class='ocrx_word' id='word_1_240' title='bbox 455 3636 527 3711; x_wconf 88' lang='lat' dir='ltr'>srve</span> <span class='ocrx_word' id='word_1_241' title='bbox 544 3639 580 3711; x_wconf 91' lang='lat' dir='ltr'>in</span> <span class='ocrx_word' id='word_1_242' title='bbox 597 3641 839 3716; x_wconf 78' lang='lat' dir='ltr'>communione</span> <span class='ocrx_word' id='word_1_243' title='bbox 855 3643 1027 3720; x_wconf 78' lang='lat' dir='ltr'>Ecclesiae</span> <span class='ocrx_word' id='word_1_244' title='bbox 1043 3644 1222 3736; x_wconf 72' lang='lat' dir='ltr'>desunsli,</span> <span class='ocrx_word' id='word_1_245' title='bbox 1247 3648 1353 3744; x_wconf 86' lang='lat' dir='ltr'>post·</span> 
     </span>
     <span class='ocr_line' id='line_1_33' title="bbox 133 3733 1352 3838; baseline 0.007 -26"><span class='ocrx_word' id='word_1_246' title='bbox 133 3760 176 3812; x_wconf 85' lang='lat' dir='ltr'>ea</span> <span class='ocrx_word' id='word_1_247' title='bbox 198 3756 360 3830; x_wconf 87' lang='lat' dir='ltr'>tanquam</span> <span class='ocrx_word' id='word_1_248' title='bbox 384 3733 549 3807; x_wconf 88' lang='lat' dir='ltr'>haeretiei</span> <span class='ocrx_word' id='word_1_249' title='bbox 566 3733 807 3825; x_wconf 89' lang='lat' dir='ltr'>innotuerint,</span> <span class='ocrx_word' id='word_1_250' title='bbox 832 3762 1070 3831; x_wconf 86' lang='lat' dir='ltr'>mortuorum,</span> <span class='ocrx_word' id='word_1_251' title='bbox 1096 3741 1258 3838; x_wconf 87' lang='lat' dir='ltr'>inquam,</span> <span class='ocrx_word' id='word_1_252' title='bbox 1285 3768 1352 3821; x_wconf 85' lang='lat' dir='ltr'>eo·</span> 
     </span>
     <span class='ocr_line' id='line_1_34' title="bbox 136 3826 1351 3936; baseline 0.009 -28"><span class='ocrx_word' id='word_1_253' title='bbox 136 3854 214 3908; x_wconf 88' lang='lat' dir='ltr'>tum</span> <span class='ocrx_word' id='word_1_254' title='bbox 243 3833 336 3903; x_wconf 92' lang='lat' dir='ltr'>bona</span> <span class='ocrx_word' id='word_1_255' title='bbox 366 3826 451 3900; x_wconf 88' lang='lat' dir='ltr'>fisco</span> <span class='ocrx_word' id='word_1_256' title='bbox 474 3829 701 3923; x_wconf 85' lang='lat' dir='ltr'>addicuntur,</span> <span class='ocrx_word' id='word_1_257' title='bbox 739 3832 764 3906; x_wconf 85' lang='lat' dir='ltr'>st</span> <span class='ocrx_word' id='word_1_258' title='bbox 794 3833 884 3910; x_wconf 92' lang='lat' dir='ltr'>intra</span> <span class='ocrx_word' id='word_1_259' title='bbox 907 3839 1133 3936; x_wconf 85' lang='lat' dir='ltr'>quadraginta</span> <span class='ocrx_word' id='word_1_260' title='bbox 1160 3860 1271 3913; x_wconf 77' lang='lat' dir='ltr'>annos</span> <span class='ocrx_word' id='word_1_261' title='bbox 1302 3845 1351 3919; x_wconf 80' lang='lat' dir='ltr'>ab</span> 
     </span>
     <span class='ocr_line' id='line_1_35' title="bbox 130 3923 1351 4033; baseline 0.016 -38"><span class='ocrx_word' id='word_1_262' title='bbox 130 3926 278 4027; x_wconf 82' lang='lat' dir='ltr'>ipsorum</span> <span class='ocrx_word' id='word_1_263' title='bbox 297 3945 413 3999; x_wconf 88' lang='lat' dir='ltr'>morte</span> <span class='ocrx_word' id='word_1_264' title='bbox 435 3923 630 3999; x_wconf 78' lang='lat' dir='ltr'>constiterit</span> <span class='ocrx_word' id='word_1_265' title='bbox 656 3929 700 4003; x_wconf 90' lang='lat' dir='ltr'>de</span> <span class='ocrx_word' id='word_1_266' title='bbox 718 3927 847 4005; x_wconf 80' lang='lat' dir='ltr'>haeresi</span> <span class='ocrx_word' id='word_1_267' title='bbox 866 3956 1008 4025; x_wconf 90' lang='lat' dir='ltr'>eorum,</span> <span class='ocrx_word' id='word_1_268' title='bbox 1030 3934 1149 4033; x_wconf 88' lang='lat' dir='ltr'>postea</span> <span class='ocrx_word' id='word_1_269' title='bbox 1172 3934 1351 4019; x_wconf 73' lang='lat' dir='ltr'>haeredec</span> 
     </span>
    </p>
   </div>
   <div class='ocr_carea' id='block_1_5' title="bbox 131 4019 1349 4213">
    <p class='ocr_par' dir='ltr' id='par_1_5' title="bbox 131 4019 1349 4213">
     <span class='ocr_line' id='line_1_36' title="bbox 131 4019 1349 4135; baseline 0.004 -30"><span class='ocrx_word' id='word_1_270' title='bbox 131 4046 156 4105; x_wconf 81' lang='grc' dir='ltr'>ι</span> <span class='ocrx_word' id='word_1_271' title='bbox 178 4019 426 4103; x_wconf 84' lang='lat' dir='ltr'>confiscatione</span> <span class='ocrx_word' id='word_1_272' title='bbox 454 4021 579 4103; x_wconf 83' lang='lat' dir='ltr'>liberat</span> <span class='ocrx_word' id='word_1_273' title='bbox 601 4023 857 4126; x_wconf 71' lang='lat' dir='ltr'>praescriptio,</span> <span class='ocrx_word' id='word_1_274' title='bbox 878 4051 1058 4135; x_wconf 82' lang='lat' dir='ltr'>praeterea</span> <span class='ocrx_word' id='word_1_275' title='bbox 1082 4032 1254 4109; x_wconf 84' lang='lat' dir='ltr'>memoria</span> <span class='ocrx_word' id='word_1_276' title='bbox 1281 4057 1349 4110; x_wconf 89' lang='lat' dir='ltr'>eo·</span> 
     </span>
     <span class='ocr_line' id='line_1_37' title="bbox 141 4148 1346 4213; baseline 0.009 -11"><span class='ocrx_word' id='word_1_277' title='bbox 141 4165 149 4180; x_wconf 90' lang='lat'><strong>·</strong></span> <span class='ocrx_word' id='word_1_278' title='bbox 1179 4206 1182 4211; x_wconf 92' lang='lat'>.</span> <span class='ocrx_word' id='word_1_279' title='bbox 1260 4148 1346 4213; x_wconf 73' lang='lat' dir='ltr'>tum</span> 
     </span>
    </p>
   </div>
   <div class='ocr_carea' id='block_1_6' title="bbox 0 0 1516 4806">
    <p class='ocr_par' dir='ltr' id='par_1_6' title="bbox 0 0 1516 4806">
     <span class='ocr_line' id='line_1_38' title="bbox 0 0 1516 4806; baseline 0 3"><span class='ocrx_word' id='word_1_280' title='bbox 0 0 1516 4806; x_wconf 95' lang='lat' dir='ltr'> </span> 
     </span>
    </p>
   </div>
  </div>
 </body>
</html>
