3022 4806
130 564 204 639 144
523 542 668 639 ranna
695 541 817 645 arctes.
846 537 962 642 urrist.

134 722 248 798 setius
271 720 415 796 tenebat
445 744 564 796 manus
589 721 786 820 recipiendi
818 721 911 797 inter
943 738 1064 794 manue
1092 710 1186 803 suaa,
1217 742 1220 772 ι

131 842 234 914 quern
261 821 384 891 barum
414 817 514 907 super
541 819 675 914 ipsurn,
710 820 747 893 in
775 840 844 916 quo
869 820 1008 916 legebat
1032 808 1220 903 euangelio

133 915 274 1000 hannis,
309 915 342 985 in
367 919 525 1007 prrnripr'o
550 932 621 988 crat
646 920 793 1002 verbam,
820 915 861 988 ul'
882 938 925 986 ue
948 915 988 983 ad
1017 908 1145 992 verba,
1175 926 1220 999 gr

130 1018 257 1085 'teritos
286 1028 343 1102 per
369 1008 490 1104 Jesrrnr
520 1010 676 1105 t'lrrrstum
695 1011 795 1103 fresia
829 937 885 1105 eff.
936 1006 1022 1079 Vid.
1057 1003 1165 1075 etiarn
1199 1002 1220 1069 d

133 1109 204 1180 ritu
230 1112 479 1194 Errrrengardus
509 1129 628 1180 contra
665 1107 862 1193 Vallenses,
897 1127 915 1175 a
942 1097 1108 1174 Gretsero
1134 1092 1221 1167 editt

133 1227 194 1298 prr
220 1222 430 1271 minoratus
456 1224 487 1273 c.
515 1225 596 1291 14.,
640 1202 800 1276 tradebat
825 1218 1004 1294 praeterea
1029 1196 1060 1266 ei
1082 1191 1177 1288 filum
1201 1188 1221 1261 s

133 1321 204 1387 quo
239 1317 303 1389 pro
337 1295 465 1367 haeresi
508 1301 720 1391 cingeretur.
777 1294 997 1370 Discriminis
1038 1288 1178 1385 quadem

131 1411 206 1463 erat
239 1392 274 1461 in
312 1388 540 1464 foeminarum
572 1395 806 1489 receptione,
848 1390 905 1462 sed
938 1390 1020 1461 illud
1057 1382 1143 1456 tanti
1176 1402 1221 1453 no

131 1490 299 1567 Ceterum
325 1487 413 1556 har-c
435 1486 608 1583 receptio,
644 1488 810 1584 adquam
838 1509 900 1581 per
926 1482 1086 1580 quasdam
1119 1473 1221 1549 abstir

132 1587 443 1676 praeparabantur,
470 1586 675 1656 credebatur
700 1584 837 1656 adferre
863 1581 1025 1662 salutem,
1058 1594 1163 1670 quare
1188 1592 1221 1644 ct

132 1697 314 1762 ruentum,
341 1677 449 1763 etiam
476 1679 664 1771 baptismus
680 1675 888 1776 spiritualis,
914 1673 1165 1768 adpellabatur,
1193 1684 1221 1738 et

135 1788 216 1845 nem
243 1773 339 1844 vitae
364 1772 500 1845 differri
522 1774 669 1860 solebat,
698 1796 738 1844 ac
757 1772 905 1845 infirmis
930 1766 1114 1862 adplicari:
1142 1759 1221 1860 quib

132 1887 208 1955 am,
243 1888 288 1938 ne
314 1866 354 1938 ad
382 1867 562 1941 sanitatem
596 1869 757 1956 redeant,
791 1865 1109 1964 praescribebant,
1143 1877 1182 1930 ut
1212 1860 1222 1929 l

134 1980 261 2037 nerent
298 1961 336 2034 in
369 1965 506 2053 enrlnra,
538 1966 596 2037 seu
630 1963 764 2051 inedia,
804 1965 846 2036 ad
881 1979 1030 2033 mortem
1065 1953 1222 2028 accelera

131 2079 203 2157 quo
230 2057 300 2129 fine
327 2054 478 2132 subinde
512 2079 620 2133 venae
647 2059 821 2147 serlione,
864 2077 901 2129 et
943 2049 1163 2127 balneatione
1200 2068 1222 2121 u

136 2174 206 2228 tur.
257 2154 330 2254 Qui
364 2178 453 2229 vero
484 2155 604 2230 duram
635 2153 725 2228 illam
760 2158 872 2252 legem
904 2146 1125 2234 recusabant,
1167 2141 1213 2216 ab

135 2251 451 2322 commerciorum
473 2252 578 2339 viris,
603 2248 707 2334 etiarn
729 2249 912 2334 uxoribus,
938 2242 1173 2326 abstinebant,
1200 2256 1222 2339 n

132 2347 275 2418 bantur:
300 2345 363 2415 alia
384 2363 574 2434 praetereo.
623 2366 658 2431 4.
683 2345 898 2437 Rejecerunt
914 2335 1197 2423 matrimonium,

134 2440 212 2510 nale
234 2455 271 2508 et
294 2436 482 2522 illicitum,
508 2439 540 2507 ei
569 2435 751 2510 substituto
775 2435 942 2532 spirituali
966 2433 1145 2529 conjugio.
1171 2464 1174 2469 ·
1196 2446 1222 2516 5

133 2547 174 2617 ro
205 2528 397 2618 libidines,
439 2551 476 2603 et
510 2531 599 2604 vitia
628 2554 733 2607 omne
776 2553 907 2629 genus,
935 2550 1022 2625 quae
1059 2525 1142 2626 ipsit
1179 2522 1222 2618 in,

132 2642 203 2699 tur.
923 2659 925 2663 ·

186 2719 217 2819 s.
243 2721 410 2795 CXXIV.
446 2719 516 2817 Qui
542 2723 676 2798 coloret
706 2722 730 2796 sr
757 2724 836 2821 ipsrs
865 2719 1098 2809 conveniant,
1127 2737 1223 2792 verat

135 2816 225 2891 haec
252 2841 376 2891 eorum
401 2817 608 2912 descriptio,
642 2843 755 2933 prope
780 2822 821 2893 ad
846 2818 1077 2893 Manichaeos
1115 2811 1223 2887 adcefl

134 2913 273 2988 necesse
304 2912 380 2997 est,
420 2934 598 3008 praeterea
629 2938 773 2988 ornnrno
802 2939 821 2989 a
852 2912 1091 2989 Waldensrbus
1125 2905 1223 2982 distin

134 3009 241 3101 longe
264 3004 407 3095 diversi,
440 3007 525 3081 srcut
548 3010 615 3085 sec.
641 3011 741 3085 XlIl.
790 3009 977 3104 scriptores
996 3005 1165 3080 intereos
1187 3021 1223 3077 et

135 3101 258 3211 denses
282 3125 420 3213 quoque
446 3109 554 3199 probe
585 3107 829 3182 distinxerunt.
881 3108 1021 3191 Petrus,
1055 3099 1223 3197 Monacltt

123 3197 219 3276 ‚irum
246 3197 403 3284 Cernari,
443 3201 722 3292 modocitatus,
746 3202 903 3296 expresse
924 3196 1027 3288 dicit,
1056 3191 1223 3270 valdensr

134 3312 181 3390 ge
204 3291 302 3365 suisse
327 3296 368 3366 ab
393 3294 458 3368 illis
494 3296 668 3386 diuersos,
707 3318 774 3369 nec
798 3315 867 3368 tarn
895 3295 1021 3382 malos,
1062 3292 1134 3366 imo
1167 3291 1217 3363 in·

122 3387 329 3479 convenire
353 3412 432 3463 corn
459 3389 608 3466 Eccusra
625 3395 808 3478 Romana,
854 3407 993 3465 tanturn>
1011 3388 1049 3462 in
1084 3384 1223 3459 nonaull

134 3481 282 3568 sentire,
314 3509 418 3581 quum
446 3486 495 3559 ita
517 3489 634 3586 pergit
659 3489 703 3585 de
727 3487 976 3563 Valdensrbua:
1015 3500 1051 3556 ut
1071 3485 1216 3578 plurimu

128 3575 351 3676 fidelitatibus
376 3606 481 3656 eorum
507 3589 712 3672 omittamus,
754 3588 787 3654 in
806 3600 945 3692 quatuor
965 3585 1136 3677 praecipue
1158 3599 1223 3666 corp

135 3673 391 3783 error-ipsorum,
418 3682 450 3751 in
472 3686 637 3770 portandis
646 3683 775 3776 scilicet
785 3681 971 3769 sandaliis,
999 3693 1089 3751 'more
1105 3671 1223 3770 Apollo

135 3787 168 3846 er
196 3792 229 3842 tn
250 3793 304 3858 eo,
329 3774 408 3864 quod
429 3778 600 3865 dicebant,
624 3777 713 3852 nulla
736 3775 861 3847 rarione
884 3774 1165 3870 ff’jrrrandum,
1189 3791 1224 3840 ar

135 3869 289 3953 nuum,
322 3870 356 3939 in
383 3870 439 3940 loc
462 3871 608 3966 insuper,
640 3873 721 3966 quod
743 3869 956 3962 adserebant,
988 3870 1157 3964 quenlibet
1183 3887 1224 3940 eor

135 3958 349 4064 neceffirart,
390 3961 419 4052 s
454 3970 542 4043 modo
565 3968 706 4045 labeant
728 3967 924 4071 sandalia,
954 3965 1073 4064 absquo
1106 3961 1224 4133 ersing
