3022 4806
522 638 539 708 .‘
563 724 567 730 ,
647 629 756 704 Sacul.
785 626 873 703 XII.
942 632 951 671 ‘·
1306 648 1377 719 125

152 823 225 876 curn
250 801 441 901 sepulchris
474 822 738 901 comparantes,
772 826 808 879 et
843 803 928 878 duos
954 801 1113 891 ordines,
1156 802 1370 879 clericorum

154 920 186 970 et
219 901 502 991 Monachurum,
546 920 626 976 curn
663 903 795 974 duobus
829 902 893 974 illis
924 901 1179 986 daemoniacis,
1225 924 1369 994 quorum

153 995 279 1068 mentio
304 997 355 1069 est
380 996 415 1068 in
442 999 653 1091 Euangeli0‚
693 997 728 1068 in
756 999 936 1090 lepulcltro
963 998 1188 1091 degentibus,
1234 1022 1367 1092 quippe

140 1093 205 1186 oui
229 1093 419 1187 Bogomilis
448 1098 546 1167 valde
581 1114 678 1165 erant
712 1091 841 1166 infesti.
889 1092 1133 1186 Repudiurunt
1160 1091 1263 1162 etim
1293 1115 1364 1164 cru·

153 1190 196 1259 cis
211 1186 441 1283 lignaculum,
459 1191 594 1278 additu,
617 1191 671 1259 vel
689 1190 765 1282 iplls
786 1187 929 1266 nolitia,
950 1213 1109 1273 ratione,
1127 1192 1218 1282 quoti
1231 1189 1370 1261 Christo

153 1287 255 1355 vitam
277 1287 456 1358 ademerit.
511 1289 572 1357 Cui
600 1290 710 1358 crucis
738 1284 929 1357 contemtui
956 1288 1021 1354 lel‘e
1050 1283 1279 1357 vehementer
1302 1308 1367 1381 op·

141 1376 264 1472 posuit
287 1379 503 1468 Germanus,
537 1381 638 1454 cPot
664 1382 860 1453 Patriatclta
887 1378 952 1452 sec.
978 1381 1101 1468 Xlll.‚
1136 1381 1255 1452 hibita
1283 1404 1372 1455 con·

128 1471 250 1567 'cione
273 1476 318 1546 de
341 1479 539 1549 exaltatione
569 1481 674 1551 crucis
698 1495 808 1548 contra
825 1477 1026 1571 Bogotttilos,
1050 1477 1138 1569 apud
1163 1477 1368 1553 Grerserum
1440 1558 1444 1566 ,

124 1568 193 1663 ι«ἰε
216 1571 317 1644 Cruce
347 1592 432 1646 rom.
457 1566 503 1648 11.
551 1571 799 1647 Abstinuerunt
833 1578 939 1647 crium
972 1595 991 1643 a
1021 1570 1208 1666 conjugio,
1248 1593 1283 1644 et
1311 1594 1367 1652 rs·

139 1664 396 1741 surrectionem
428 1667 539 1742 carnis
572 1689 762 1764 negarunt,
802 1693 847 1743 ex
873 1671 1042 1762 opinione
1078 1679 1122 1739 o'e
1156 1669 1366 1744 curnese'de

148 1761 298 1854 peccati.
355 1765 519 1858 Denique
558 1787 613 1838 11.
638 1766 861 1858 praecipuum
894 1762 1038 1857 pietatis
1074 1763 1281 1835 exercitium
1327 1759 1369 1839 fi·

155 1873 224 1928 tum
247 1856 317 1930 fuit
342 1858 380 1932 in
408 1860 572 1954 jejuniis,
612 1878 648 1929 et
672 1863 852 1955 precibus.
902 1861 959 1933 scd
995 1859 1188 1952 repudiatis
1220 1883 1366 1955 precum

152 1950 327 2042 formulis,
352 1958 387 2029 in
412 1955 563 2028 Ecclesia
588 1952 739 2043 ufitatis,
774 1956 845 2029 'sola
877 1975 1028 2048 excepta
1054 1954 1213 2026 oratione
1241 1956 1367 2028 Domi·

157 2045 243 2138 uita,
268 2072 368 2146 quarn
394 2048 665 2146 frequentiffime
688 2049 842 2124 interdiu
869 2071 906 2122 et
940 2048 1045 2122 noctu
1069 2048 1363 2144 pronuntiarunt,

161 2162 328 2236 praeterea
351 2170 371 2219 a
393 2166 520 2235 carne,
551 2148 668 2233 caseo,
696 2165 733 2218 et
753 2145 832 2217 ovis
860 2145 921 2217 sibi
949 2147 1128 2217 cavebant.
1178 2147 1366 2237 Ceterum,

164 2237 314 2313 fiomnia
339 2241 428 2314 haec
449 2264 493 2314 ex
519 2265 605 2316 vero
630 2238 709 2336 ipsis
734 2243 895 2333 inputata
921 2238 1004 2325 ssot,
1030 2260 1108 2311 curn
1135 2238 1366 2317 Manieltaeia

165 2353 193 2404 et
213 2333 425 2410 Meffalianis
456 2338 674 2432 comparandi
701 2338 800 2409 lunt:
841 2338 885 2408 de
920 2358 1012 2434 quo,
1045 2334 1081 2408 in
1108 2338 1278 2410 nonnullis
1304 2340 1366 2414 sal·

165 2446 245 2521 tem,
271 2434 373 2505 valde
388 2433 531 2508 dubito:
558 2433 638 2520 sed,
663 2454 746 2528 prae
764 2450 1069 2505 monumentorum
1087 2432 1247 2518 delectu,
1276 2440 1366 2512 cerri

162 2525 230 2620 quid
255 2529 483 2620 pronunciare
501 2551 569 2602 non
586 2531 697 2600 valeo.
748 2528 950 2601 Admittunt
974 2527 1093 2620 utiquc
1116 2533 1279 2602 nonnulla
1304 2531 1365 2604 ali·

158 2643 203 2717 am
225 2624 568 2718 interpretationem,
593 2643 629 2696 et
654 2627 715 2699 vix
739 2623 995 2713 dubitaverim,
1029 2622 1115 2718 quin
1132 2630 1271 2698 externi
1291 2630 1364 2701 cul·

156 2734 204 2791 tus
224 2718 396 2815 religiosi,
431 2722 499 2795 ltoc
535 2742 699 2815 ternpore
734 2719 870 2810 usitati,
903 2742 1100 2792 contemtus
1131 2720 1250 2792 odium
1285 2723 1366 2816 ipsts

153 2818 301 2889 maxime
325 2816 526 2912 pepererit,
563 2817 649 2889 adeo
682 2835 721 2888 ut
754 2814 868 2888 omnia
891 2814 1034 2889 absurda
1067 2813 1147 2906 ipfis
1184 2815 1284 2887 facile
1312 2825 1366 2888 in.

150 2912 364 3007 putaverint,
395 2911 483 2988 srcut
506 2915 624 2987 multia
649 2911 743 3003 aliis,
768 2933 833 3007 pro
852 2910 1041 2985 haereticis
1063 2907 1208 2999 habitis,
1234 2909 1366 2990 fallunt

152 3006 215 3081 elle
238 3006 390 3081 constat.

187 3102 222 3202 §.
246 3104 385 3178 CVlll.
420 3101 502 3175 Fuit
529 3115 666 3200 quoque
691 3102 839 3177 seculum
875 3100 942 3175 hoc
967 3101 1263 3190 naereticorum,
1307 3105 1365 3179 vel

147 3203 270 3297 quibus
295 3199 386 3272 haec
411 3220 495 3270 nota
519 3198 568 3270 est
586 3200 716 3287 inusta,
742 3198 983 3272 feracillrmum
1010 3199 1103 3269 iuter
1128 3201 1294 3276 Latinos:
1318 3204 1366 3276 de

145 3299 269 3393 quibus
290 3317 398 3389 agere
426 3293 579 3369 instituo.
628 3297 670 3368 In
694 3294 807 3368 initiis
835 3293 938 3366 seculi
962 3291 1176 3369 Tunclrelr'nus
1194 3300 1362 3389 quidam,

147 3388 500 3486 nimiaesubtt'litatt's,
524 3393 630 3465 verba
646 3390 723 3463 sunt
743 3391 897 3463 Roberti
916 3390 960 3460 de
979 3391 1110 3462 Monte
1136 3394 1156 3464 l.
1182 3393 1266 3480 cir,
1293 3419 1366 3467 cum

149 3504 253 3560 tanen
279 3485 356 3582 effer
379 3488 507 3576 laicus,
524 3489 587 3578 sed
611 3489 723 3558 multis
747 3495 847 3559 etiam
872 3483 1003 3579 disertis
1032 3486 1166 3558 Clericis
1192 3492 1224 3559 iu
1243 3492 1362 3578 sermo·

149 3606 188 3656 ue
209 3589 364 3669 acutior,
398 3602 478 3655 cum
505 3582 760 3678 Antverpiam,
798 3581 979 3675 flagitioso
1009 3579 1145 3675 pallore
1175 3583 1368 3681 infectam,

147 3680 301 3776 adeoque
327 3677 370 3752 ad
395 3678 509 3752 aliena
532 3677 697 3776 dogmata
728 3680 947 3772 proclivem,
985 3675 1194 3772 repetillet,
1233 3684 1366 3760 docete

149 3797 219 3851 uon
245 3793 381 3850 tanturn
405 3772 578 3865 instituit,
610 3770 839 3852 ministerium
865 3773 1121 3870 Episcopotum
1147 3793 1183 3847 et
1208 3778 1366 3853 sacerdo-

152 3889 224 3945 tum
250 3870 319 3945 effe
342 3868 468 3960 inane,
493 3891 560 3943 nec
584 3892 606 3943 a
627 3867 767 3944 Christo
790 3868 1010 3956 institutum,
1037 3868 1257 3947 eucharistiae
1306 3900 1367 3947 uo·

153 3988 217 4074 que
238 3966 503 4062 perceptionem
528 3987 599 4040 non
623 3963 693 4041 elle
718 3970 760 4039 ad
787 3968 930 4040 salutem
964 3966 1205 4056 necessariam,
1250 3900 1304 4042 sei
1328 3990 1368 4045 et

156 4073 257 4155 ,mm
273 4062 420 4149 millium
440 4081 653 4150 armatorum
662 4117 677 4158 ‚
707 4062 876 4263 uniaipii-
889 4061 1146 4157 adhaerebant,
1178 4062 1371 4261 manttpatpi.

282 4192 286 4198 ’
1338 4187 1382 4248 us
