2976 4830
127 605 204 686 616
359 612 367 632 '
536 594 686 696 Historia
707 598 838 702 Ecclefi
866 601 993 707 arist.
1068 692 1072 699 ⁸

130 778 358 888 quintoribus
385 795 461 854 erat
485 777 602 853 solitus
625 780 763 873 dicere3
790 785 917 860 illorum
945 803 1051 883 opera
1074 786 1140 879 ,sbi
1161 793 1351 895 Pontificius

132 885 259 983 adsciri
279 884 425 951 tiaram:
449 897 488 950 ut
511 878 710 952 Leonardus
733 881 874 957 Vellius
898 884 1041 980 Jesuita
1071 890 1187 967 refert
1213 896 1251 971 in
1266 899 1352 994 epist.

131 986 176 1056 ad
201 977 379 1054 Caesarem
405 974 595 1063 carenam,
630 975 792 1051 trartatui
810 980 915 1074 hujus
941 982 990 1055 de
1006 981 1244 1086 sanllrffirnne
1266 999 1354 1090 lnqui-

128 1077 262 1173 fin'nnir
282 1068 390 1165 officio
414 1069 573 1165 praefixa.
623 1071 792 1146 Exerceri
816 1099 958 1173 quoque
985 1080 1116 1155 severe
1133 1091 1176 1162 in
1195 1087 1348 1187 Hispania

23 1231 27 1236 .
137 1176 229 1250 fecit
261 1166 552 1264 lnquisnionem,
592 1165 679 1242 licut
712 1188 811 1244 antea
850 1170 890 1245 in
925 1173 1088 1252 Mauros
1125 1202 1166 1256 et
1195 1187 1353 1284 ludaeos,

137 1273 189 1346 ita
217 1289 310 1343 nunc
343 1264 380 1334 in
410 1262 618 1339 haereticos.
667 1265 792 1338 Statim
817 1267 912 1341 enim
937 1290 984 1344 ac
1006 1271 1047 1345 in
1074 1275 1275 1376 Hispaniam
1297 1307 1354 1357 ve·

136 1368 214 1455 nit,
240 1367 328 1434 adas
336 1360 418 1453 fidei
427 1412 438 1447 ,
464 1375 501 1430 ιιι
516 1360 728 1453 adpellunt,
753 1363 891 1437 habitus
908 1363 963 1437 est
979 1367 1125 1466 Hispali
1144 1400 1187 1451 ac
1202 1379 1350 1471 Pinciae,

137 1463 311 1554 multique
346 1457 423 1526 sunt
455 1453 652 1543 combusti,
678 1458 715 1529 in
739 1458 857 1554 specie
886 1458 1032 1536 Pinciae
1060 1469 1195 1566 viginti
1219 1473 1292 1549 osio
1311 1497 1354 1563 er,

136 1555 325 1657 praecipua
341 1551 491 1642 regionis
508 1551 712 1639 nobilitate,
740 1556 818 1649 ipso
836 1556 939 1650 Rege
954 1555 1187 1656 iuspeffbtnte
1204 1594 1232 1645 a.
1255 1594 1349 1663 1559.

138 1674 180 1728 ut
216 1651 323 1724 tradit
366 1647 551 1721 'l‘huanus
603 1650 681 1720 lmo
713 1649 783 1744 ipsc
813 1649 1120 1753 Archiepiscopus
1156 1664 1353 1759 Toletauus,

138 1747 295 1824 Barthol.
330 1745 500 1831 earanza,
535 1740 605 1814 Vir
636 1745 845 1818 eruditionis
876 1768 913 1819 et
936 1752 1133 1843 probitatis
1160 1760 1261 1837 laude
1279 1787 1352 1839 cou-

138 1843 298 1942 spicuus,
334 1841 371 1912 in
394 1860 569 1913 carcerem
601 1840 802 1934 conjesbus,
830 1859 867 1914 et
893 1843 1135 1944 vestigalibus
1155 1854 1227 1931 suis
1251 1861 1352 1960 priua·

139 1961 198 2016 tus
231 1938 301 2014 est:
332 1935 430 2028 cujus
455 1935 553 2008 causa
582 1933 704 2029 postea
729 1937 779 2012 est
804 1938 941 2012 Rornae
966 1942 1118 2022 traslata
1142 1974 1165 2025 a
1191 1952 1350 2054 Gregorio

143 2039 270 2125 x111.‚
303 2051 341 2106 ut
370 2031 470 2128 supra
496 2030 645 2103 narravi.
696 2033 751 2105 Eo
774 2036 881 2130 usque
907 2035 1018 2112 etiam
1048 2040 1264 2128 furibundus
1288 2054 1348 2128 Re·

140 2137 198 2234 gis
238 2133 329 2205 zelus
364 2127 544 2223 proceffit,
584 2145 621 2198 ut
654 2128 766 2226 copiis
798 2128 976 2205 navalibus
1010 2138 1189 2217 addiderit
1223 2149 1351 2246 Inquisi-

139 2252 256 2307 torem
281 2253 313 2300 a.
345 2247 450 2317 1571.
486 2221 743 2319 Hieronymum
762 2225 972 2323 Maurique,
999 2235 1061 2326 qui
1080 2241 1259 2331 publicam
1279 2244 1350 2321 fidei

142 2327 321 2404 asiionern
355 2322 475 2392 habuit
509 2319 545 2391 in
583 2323 668 2392 urbe
700 2321 876 2411 Messana,
901 2325 1022 2398 multis
1047 2335 1147 2408 varia
1177 2361 1284 2432 poena
1303 2341 1353 2415 ad·

140 2422 255 2500 reuss.
305 2415 417 2511 Quam
445 2411 679 2511 inquisitionis
713 2418 749 2490 in
788 2418 883 2491 bellis
908 2421 1090 2498 navalibus
1114 2429 1350 2514 institutionem

138 2511 366 2595 confirmavit
399 2509 480 2583 Pius
514 2511 562 2583 V.
595 2510 697 2584 edito
728 2511 925 2609 diplomate.
976 2518 1150 2621 Denique
1175 2552 1271 2610 extra
1291 2535 1350 2609 Eu·

142 2635 265 2705 sopam
286 2608 322 2682 in
348 2609 556 2680 Fortunatas
584 2604 728 2699 Insulas,
753 2632 794 2682 ac
809 2611 1030 2707 Americam,
1058 2617 1277 2705 horrendum
1293 2631 1350 2704 hnc

143 2707 292 2787 tribunal
329 2702 485 2788 invexit,
522 2701 723 2802 erexitque,
765 2707 800 2777 in
829 2707 1017 2816 Provincia
1045 2714 1190 2798 scilicet
1215 2725 1349 2806 Pernam

144 2809 287 2899 Limae,
312 2822 350 2878 et
372 2802 410 2880 in
436 2797 627 2880 Mericaua
654 2805 692 2880 in
718 2802 801 2881 urbe
825 2801 974 2883 Mexrco
993 2830 1030 2891 a.
1059 2832 1174 2911 1571.

539 2998 668 3078 VITA
697 3001 767 3078 ΕΤ
799 2999 984 3078 MORES.

196 3197 228 3295 q.
255 3191 409 3265 DLXV.
437 3193 545 3269 Millo
575 3195 709 3271 Ordine
738 3194 955 3271 Clericorum
981 3199 1197 3299 regularium
1228 3203 1349 3277 ilenti·

143 3317 276 3379 norum,
309 3311 411 3385 quem
438 3291 598 3365 condidit
621 3293 797 3461 {phaores¹
823 3293 943 3368 Petrus
966 3296 1131 3390 Caraffa,
1163 3302 1347 3399 Episcopus

149 3388 369 3473 Theanus,
402 3384 436 3457 in
465 3388 594 3486 Regno
662 3388 861 3483 capolirano
889 3413 919 3463 a.
956 3410 1083 3487 1524„
1116 3397 1239 3492 postea
1271 3400 1348 3492 Papa

146 3490 270 3568 Paulus
304 3483 392 3566 itt,
426 3485 522 3576 cujus
554 3483 751 3560 institutum
784 3484 870 3577 fuit,
904 3487 1089 3584 religionis
1114 3491 1188 3568 vim
1212 3505 1346 3567 renova·

1 3611 7 3626 ·
146 3611 208 3676 fe,
235 3578 425 3656 conciones
451 3579 658 3669 reformare,
690 3600 852 3676 aegrotos
884 3584 1077 3676 consolari,¹
1111 3608 1149 3662 et
1172 3590 1342 3686 adjuvare,

146 3675 346 3762 haereticos
380 3697 607 3773 oppugnare,
632 3675 802 3774 denique,
826 3697 892 3752 uec
910 3677 1036 3777 aliquid
1053 3687 1193 3780 proprii
1209 3681 1338 3782 poffidc·

146 3804 207 3870 fe,
259 3792 324 3846 nec
366 3773 589 3862 mendicare,
637 3774 695 3847 sed
732 3775 774 3845 ab
813 3773 957 3848 aliorum
1000 3777 1213 3856 liberalitate
1244 3774 1338 3851 unice

146 3873 321 3980 pendere,
356 3866 481 3952 miffis,
513 3888 550 3942 et
574 3864 645 3940 aliis
671 3869 835 3942 similibus
856 3870 1067 3960 Ordinibus,
1105 3880 1195 3952 bene
1217 3873 1346 3947 multis:

144 3981 216 4052 duo
250 3968 287 4041 in
313 3966 433 4063 primis
457 3965 612 4038 Ordines
628 3963 777 4038 nostram
796 3987 973 4040 merentur
996 3969 1350 4056 animadverfionem,

140 4065 404 4177 eapuciuorum
434 4062 572 4139 scilicet
595 4077 631 4134 ct
660 4062 882 4159 Jcsuitartrm.
933 4064 1117 4161 capucini,
1140 4071 1192 4148 ’ἀι
1216 4085 1349 4175 quornm

24 4196 287 4472 Λ
639 4198 647 4216 ·
1243 4161 1354 4240 ordrue
