3022 4806
81 17 1509 411 -

1165 430 1168 437 .

210 596 283 670 i62
594 584 743 686 Historiae
767 580 894 686 Eccles.
922 582 1036 684 Christ.

134 830 138 838 .
217 768 262 842 de
283 761 479 862 profedioni
517 763 688 840 Ludovici
709 765 822 865 Regii
855 766 892 842 in
921 764 1129 851 Orientem,
1163 777 1201 834 et
1227 760 1441 859 Anonymur

221 862 266 940 de
291 863 398 960 gestis
424 863 597 936 Ludovici
629 864 666 936 in
697 859 774 936 hist.
802 866 971 938 Francica
1003 884 1089 934 torn.
1115 859 1184 933 IV.
1232 856 1293 931 Est
1318 876 1437 930 autem

217 959 301 1036 illud
327 958 492 1055 oppidum
516 958 553 1033 in
580 959 716 1032 ditione
754 959 975 1048 Theobaldi,
1007 954 1161 1031 Comitis
1201 954 1438 1050 Campaniae,

218 1057 278 1131 cui
307 1056 387 1128 Rex
412 1055 519 1128 iratus
545 1076 643 1145 erat,
672 1051 764 1149 quod
784 1056 925 1130 Petroni
948 1059 994 1129 de
1017 1050 1154 1139 Castro,
1180 1049 1440 1124 Bituricenseni

219 1149 435 1248 Episcopum
468 1175 488 1224 a
520 1152 610 1247 Papa
640 1150 901 1241 consecratum,
944 1172 964 1223 a
994 1150 1096 1245 Rege
1133 1169 1218 1219 vero
1254 1146 1442 1241 expulsum

211 1270 359 1344 regno,
392 1244 609 1342 suscepisset:
652 1265 690 1319 ut
721 1246 757 1320 in
783 1245 997 1322 Innocentio
1016 1246 1063 1319 II.
1091 1240 1252 1317 vidimus.
1301 1241 1443 1316 Habuit

212 1364 358 1440 ¹quoque
382 1342 448 1413 hac
473 1344 509 1415 in
538 1341 680 1437 Synodo
704 1345 901 1417 orationem
919 1339 1111 1416 Bernatdus
1133 1339 1437 1429 claraevallensis,

219 1461 287 1535 qua
313 1435 473 1510 omnibus
505 1438 767 1535 expeditionem
800 1437 976 1534 persuasit.
1027 1433 1188 1529 Suscepit
1210 1434 1328 1530 itaque
1356 1436 1442 1510 Rex

219 1531 330 1608 crucis
357 1533 504 1631 insigne,
528 1556 547 1606 a
570 1536 660 1629 Papa
682 1533 843 1625 missurn,
876 1557 958 1608 cuni
985 1533 1103 1606 inultis
1127 1530 1221 1619 asiis,
1254 1531 1315 1627 qui
1338 1554 1441 1604 com·

209 1626 320 1703 ‘muni
352 1651 443 1702 voce
463 1633 677 1717 clamabant,
718 1651 852 1717 nuces,
883 1650 1006 1704 cruces.
1054 1625 1179 1701 Sumsit
1212 1648 1350 1724 quoque
1375 1651 1439 1701 eo·

218 1723 299 1798 dem
323 1744 415 1799 anno
430 1746 570 1798 crucem
588 1724 767 1799 conradus
790 1727 998 1821 inperator,
1024 1722 1166 1818 ejusque
1181 1743 1291 1833 nepoa
1310 1723 1441 1797 Frede-

209 1818 332 1910 ²ricus,
360 1820 419 1917 qui
438 1820 556 1914 postea
574 1819 769 1912 inperauit,
793 1821 977 1894 abeodem
1002 1819 1201 1905 Bernatdo,
1228 1839 1265 1891 in
1290 1840 1437 1912 genera·

217 1915 244 1991 Ii
267 1913 646 2012 conventu'Spirensi,
688 1914 749 2011 qui
772 1917 1011 2015 Inperatoreni
1043 1935 1083 1987 ea
1108 1913 1153 1988 de
1175 1913 1275 1988 causa
1298 1935 1437 1991 conve·

216 2031 319 2086 neiat

263 2106 295 2206 s.
322 2105 428 2182 CXL.
460 2105 662 2201 Imperator,
701 2107 895 2184 leuissimo<
910 2125 948 2181 et
973 2101 1246 2180 numerosissimo
1270 2127 1353 2179 cnm
1376 2126 1439 2182 ex·

209 2204 357 2293 eicite,
381 2202 616 2299 praecedens,
658 2227 720 2298 pet
743 2207 958 2300 Hungariam
985 2220 1021 2274 et
1046 2201 1239 2298 Buigariam
1271 2201 1440 2298 prospere

214 2300 359 2394 quidem
386 2302 423 2370 in
449 2299 639 2372 Thraciam
667 2302 788 2390 venit,
826 2298 1003 2395 castraque
1042 2299 1133 2369 haud
1160 2297 1282 2391 procul
1307 2298 1437 2390 CPoIi,

208 2396 251 2468 in
278 2391 513 2466 amoenissima
541 2394 650 2480 valle,
709 2415 786 2468 uani
809 2397 922 2468 Melas
946 2393 1074 2467 fluvius
1104 2391 1264 2488 perfluit,
1297 2393 1440 2488 posuit,

208 2502 366 2587 quorum
391 2507 493 2578 quain
516 2486 687 2580 splendidi
730 2512 804 2563 miii
827 2509 901 2562 erat
924 2488 1154 2585 conspertum
1180 2485 1238 2561 sed
1266 2489 1327 2563 ubi
1354 2490 1435 2566 Ion·

209 2602 261 2682 ge
283 2579 487 2654 tristissimus
503 2578 635 2655 accidit
652 2584 766 2673 casus,
790 2585 932 2682 majoris
948 2586 1030 2659 niali
1048 2583 1290 2681 praenuncius.
1339 2585 1437 2662 Tet-

211 2676 303 2753 ribiii
327 2675 421 2749 enirn
448 2674 655 2773 tempestate
686 2678 801 2755 subito
826 2701 969 2771 exorta,
1009 2700 1048 2752 et
1073 2679 1186 2753 fluvio
1210 2679 1435 2776 exundante,

211 2776 367 2850 tentoria
393 2774 471 2847 sunt
496 2774 697 2867 deturbata,
738 2780 901 2873 totusque
923 2776 1098 2852 exercitus
1127 2773 1323 2870 diffipatus,
1364 2800 1438 2855 nec

209 2872 286 2949 siue
317 2867 451 2969 aliquot
483 2865 656 2962 militum,
691 2894 732 2946 ac
754 2893 945 2969 equorum,
976 2872 1134 2947 interitu.
1187 2870 1304 2945 Venit
1325 2869 1434 2966 dein,

204 2966 361 3044 correrio
385 2964 560 3056 exercitu,
583 2966 731 3057 cpolin,
763 2968 821 3043 ubi
837 2967 1005 3043 Comneni
1023 2967 1203 3064 perfidiam
1232 2966 1333 3042 varii·
1357 2991 1436 3044 ino·

206 3061 266 3138 dii
289 3078 453 3158 expertus
482 3057 553 3153 est,
593 3085 681 3158 quae
710 3063 894 3139 interituni
926 3065 1099 3138 exercitus
1133 3062 1319 3161 produxit,
1357 3087 1433 3143 non

207 3155 393 3247 obstante,
432 3155 526 3252 quod
549 3154 619 3232 duo
650 3158 701 3233 illi
727 3162 950 3255 Imperatores
974 3158 1057 3233 duas
1083 3158 1215 3232 sorores
1245 3160 1434 3240 habuerint

206 3274 351 3330 uxorei.
384 3250 460 3349 Ipse
477 3250 629 3327 Nicetes
651 3253 782 3347 refert,
808 3257 935 3330 nullum
959 3254 1040 3328 masi
1058 3278 1167 3350 genus
1184 3252 1306 3346 fuisse,
1331 3256 1432 3354 qnod

208 3351 397 3447 inperator
411 3369 483 3423 non
499 3348 556 3422 vei
582 3347 658 3446 ipse
681 3350 718 3424 in
737 3370 798 3426 eor
820 3349 1095 3441 machinaretur,
1121 3350 1177 3425 vel
1200 3348 1275 3424 aliis
1296 3352 1432 3431 inachi.

208 3447 316 3521 nandi
342 3463 449 3521 autor
472 3441 580 3534 effer,
614 3463 653 3518 ut
679 3444 814 3521 scilicet
838 3469 956 3520 eornm
983 3445 1113 3536 posteri
1146 3447 1326 3540 perpetuii
1351 3473 1432 3526 ino·

207 3540 384 3623 iumentis
398 3545 440 3615 ab
457 3538 662 3616 invadendis
678 3542 864 3636 Romanii,
888 3542 947 3617 seu
967 3543 1129 3632 Graecis,
1147 3540 1433 3624 absterrerentur.

207 3634 306 3713 Ursit‘
321 3660 394 3712 non
410 3656 543 3711 tantuin
559 3639 724 3730 Manuel,
751 3660 790 3714 ut
813 3641 942 3714 fretum
985 3662 1177 3735 uantocyui
1198 3639 1375 3734 trajiceret
1396 3645 1431 3720 in

207 3733 345 3821 Asiani,
365 3733 423 3805 sed
440 3751 477 3806 et
495 3734 674 3806 Sultanum
692 3736 808 3809 Iconii
824 3736 869 3807 de
878 3758 923 3808 eo
939 3665 1139 3825 aimonuit,
1157 3734 1355 3811 exercitum
1370 3762 1434 3817 va·

161 3885 166 3897 .-
205 3829 262 3907 rIe
275 3827 476 3916 infestavit,
501 3849 716 3903 commeatus
730 3831 893 3930 negavit,
910 3830 981 3906 imo
998 3832 1153 3917 curavit,
1179 3849 1217 3905 ut
1233 3831 1432 3926 serebatur,

203 3928 246 4004 in
272 3924 324 4002 uit
347 3923 498 4000 Nicetas
512 3924 550 3998 in
567 3925 734 3999 Manuese
752 3928 774 4000 l.
793 3930 845 4016 1.,
871 3929 926 4025 qui
952 3928 1066 4019 addit,
1093 3927 1151 4002 sibi
1167 3930 1430 4025 incompertum

189 4042 228 4138 ‚e
257 4048 300 4120 e,
322 4043 404 4100 nuni
416 4017 508 4122 jussu
524 4021 739 4122 inperatoria
757 4021 889 4103 fiotum
912 4023 974 4129 Iit,
998 4044 1037 4103 ut
1056 4024 1191 4121 sarina,
1224 4047 1428 4200 owen·

194 4152 241 4171 ..
1182 4159 1189 4175 .
1239 4154 1246 4169 .
1363 4145 1430 4226 uf,
