3022 4806
133 650 203 725 rar
518 636 815 742 almannus.
840 638 960 742 oran

135 839 304 898 annotorn
332 814 509 905 omnibus,
535 819 678 914 quoties
700 820 881 918 legerent,
906 823 1098 895 benennam
1115 818 1166 915 stt
1187 823 1351 902 dulcere·

138 942 209 1015 rnen
233 919 368 990 Domlm'
391 912 489 1008 nostri
514 912 602 1007 Jesu
627 915 766 1013 Christi,
792 934 825 989 et
838 914 1080 1015 gloriostfflnrae
1096 920 1246 1015 Wrginir
1267 922 1352 995 Mo·

133 1018 231 1103 vioe,
255 1014 372 1084 matris
394 1014 487 1104 ejus,
509 1016 544 1081 in
570 1025 739 1085 aeternam
754 1026 788 1083 et
815 1018 913 1087 altra.
960 1016 1089 1088 Amen!
1111 1018 1263 1090 nortun
1274 1034 1351 1110 pro·

137 1114 247 1206 lopio
269 1108 438 1179 benedicat
464 1107 554 1199 virgo
578 1108 722 1181 Maria!
753 1109 882 1183 Arnen!
915 1109 1000 1184 vid
1033 1109 1196 1186 Wcrncr.
1230 1111 1353 1185 Roue-

138 1204 300 1292 uinltiur,
317 1203 355 1274 in
362 1198 530 1296 fasciculo
557 1220 752 1293 temporam,
768 1202 805 1276 iu
821 1205 1001 1277 Clemente
1010 1204 1078 1279 IV.
1126 1228 1161 1296 5.
1182 1207 1282 1280 Deni
1308 1227 1354 1280 ue

136 1303 206 1376 huc
228 1296 567 1405 pertinctoedr'luloe
590 1298 747 1387 Moriar,
770 1296 829 1371 seu
844 1296 978 1374 tannae
1001 1298 1116 1389 casae,
1140 1304 1179 1375 in
1199 1324 1270 1399 qua
1284 1230 1352 1376 ii·

138 1401 223 1473 lium
250 1389 452 1485 conceprffe
480 1392 684 1487 putabatur,
714 1391 915 1467 miraculosa
942 1416 1006 1489 per
1028 1395 1186 1489 Angelos
1209 1395 1354 1482 transsae

137 1493 193 1567 tio
208 1511 255 1562 cx
270 1489 356 1561 urhe
372 1486 572 1576 Nazareth,
605 1487 724 1584 primo
748 1487 787 1562 in
811 1487 1008 1563 Dalmatiae
1028 1491 1199 1585 quendam
1228 1493 1352 1566 locum

142 1612 174 1663 a.
204 1603 335 1673 1291„
358 1581 438 1654 dein
463 1579 543 1676 post
568 1583 760 1657 triennium
782 1606 813 1658 a.
843 1605 948 1674 1294
972 1585 1010 1658 in
1027 1585 1180 1675 ltaliam,
1205 1586 1351 1663 tandein

135 1679 598 1852 ltere
617 1676 1352 1869 taratantara,hartel·

225 1830 237 1863 r
607 1827 619 1862 r
822 1828 832 1847 ·
1173 1832 1189 1850 ·

137 1870 315 1957 consrdet,
359 1867 519 1962 undeque
552 1888 682 1940 nornen
714 1866 792 1941 tulit
824 1870 995 1943 otdlculoe
1026 1801 1167 1945 Morliie
1195 1800 1353 1968 Wrgituii

140 1968 366 2044 Lauretonae.
405 1964 472 2034 Cui
497 1960 632 2035 fabulae
657 1985 730 2034 non
755 1982 888 2037 tanturn
916 1964 1023 2037 fidem
1048 1965 1268 2057 habuerunt,
1291 1969 1351 2047 sed

138 2085 178 2141 et
202 2061 326 2136 aedem
353 2078 430 2130 eam
457 2055 620 2130 inmensrt
643 2057 860 2131 honorarunt
890 2059 1062 2151 donariis,
1093 2060 1199 2135 sacrit
1230 2062 1350 2141 vihta·

139 2176 221 2235 runt
247 2153 613 2252 peregrinationibus,
636 2152 777 2226 surntnir
804 2152 926 2251 elogiis
948 2176 1132 2243 ornarunt,
1166 2157 1219 2231 uti
1241 2156 1349 2256 sanc·

138 2253 250 2353 tiffimi
268 2251 406 2338 Sacellr',
421 2247 501 2344 solii
519 2249 737 2337 Divinitotr't,
757 2251 997 2344 propitiatorii,
1014 2249 1181 2346 oltiffimr',
1198 2256 1352 2332 civitatis

140 2351 261 2446 refugii
294 2367 387 2418 etc:
429 2343 541 2430 Vid.,
580 2363 717 2436 praeter
746 2344 1001 2418 continuatoret
1031 2348 1201 2438 Baronii,
1241 2351 1285 2425 ad
1316 2375 1351 2430 a.

143 2462 254 2535 raon.
288 2460 326 2512 et
354 2439 446 2532 seq.‚
479 2437 1001 2528 LudovicurCentofloreniur,
1032 2442 1212 2517 Romanae
1227 2448 1353 2524 curiae

138 2539 345 2620 advocatur,
370 2532 407 2603 in
428 2529 535 2627 clypeo
559 2531 749 2605 Lauretono
764 2534 916 2630 adversas
931 2535 1161 2609 hoereticorum
1168 2539 1348 2635 sagittar,

139 2637 277 2712 Romae
309 2627 407 2699 edito
440 2649 470 2699 a.
510 2633 614 2721 1643.
665 2630 851 2720 Ceterum,
892 2630 1024 2725 primus
1056 2633 1192 2707 fabulae
1220 2656 1347 2730 autor,

163 2751 243 2802 uern
270 2720 475 2799 Turselinut
501 2721 608 2811 citat,
639 2722 691 2797 cst
708 2724 846 2798 Flavius
867 2725 1038 2812 Blandus,
1068 2726 1137 2803 sec.
1161 2731 1275 2824 XV.,
1304 2733 1344 2810 in

138 2754 248 2905 italia
270 2822 329 2895 illu
374 2835 452 2906 ato,
496 2817 558 2916 qni
589 2818 714 2893 domur
743 2819 960 2893 Lauretanae
991 2822 1151 2915 quidem,
1183 2823 1243 2902 sed
1275 2851 1350 2904 non

140 2925 215 3093 {aas
236 2939 315 3086 ttran
346 2914 496 3083 iiioaniili
523 2913 818 3105 seffliiimiidi
843 2916 888 3084 de
904 2915 1056 3085 {abilam
1073 2918 1140 2993 hac
1154 2923 1353 3000 narratione

183 3040 244 3091 ave
263 3037 321 3099 ut,
818 3065 828 3085 .
872 3066 880 3086 .
926 3068 935 3086 .
1011 3068 1020 3086 .

184 3113 218 3211 l.
242 3107 367 3181 chr.
392 3030 449 3178 Ad
480 3034 688 3180 Sgantinrum
719 3108 849 3185 cultum
879 3108 1010 3180 referre
1042 3108 1177 3202 liceat,
1215 3112 1351 3192 Christi

132 3207 298 3382 ξὶςιηαεα
320 3197 495 3310 Frontisco
520 3200 688 3295 inprella,
712 3221 749 3273 ut
773 3201 944 3276 creditum
969 3202 1050 3277 fuit.
1085 3207 1212 3281 Fabula
1227 3211 1352 3310 utique

167 3310 267 3387 abet,
292 3320 372 3371 eum
396 3297 540 3370 biennio
557 3314 638 3370 ante
661 3316 812 3372 mortem
836 3297 873 3370 in
889 3317 1008 3373 monte
1024 3301 1214 3393 Alvernac,
1237 3330 1346 3474 §uem

138 3396 378 3500 jejuniorum,
404 3411 441 3465 et
459 3392 659 3466 orationum
678 3445 689 3480 ,
707 3413 794 3505 crgo
809 3395 1088 3486 conscendebat,
1114 3421 1219 3473 unum
1263 3402 1350 3500 piri·

138 3518 238 3573 tuum
269 3487 534 3585 Seraphicorurn
568 3485 712 3578 vidiffe,
752 3510 844 3565 rntet
867 3491 931 3565 alar
955 3489 1141 3566 habentem
1165 3495 1353 3577 hominem

140 3586 365 3672 crucifixum,
400 3607 512 3680 eoque
526 3581 703 3659 adtentius
726 3585 965 3676 considerato,
991 3586 1187 3696 disparuisse
1205 3595 1350 3689 quidem

138 3685 272 3770 visum,
299 3679 408 3754 sedin
432 3681 605 3754 Francisci
631 3702 786 3775 corpore
804 3702 886 3753 mox
912 3681 1102 3778 adparnrffe
1124 3687 1248 3763 eadem
1272 3693 1350 3789 pla·

142 3808 186 3864 ne
200 3783 402 3865 clavorum,
429 3797 466 3849 et
482 3778 639 3866 lanceae,
656 3775 837 3872 stigmata,
856 3774 892 3847 in
920 3779 1095 3870 manibus,
1113 3781 1282 3879 pedibus,
1309 3806 1350 3865 et

140 3885 269 3964 latere,
294 3893 381 3970 quae
400 3871 437 3944 in
455 3867 595 3944 Christo
613 3872 795 3947 crucifixo.
844 3871 898 3945 Ita
922 3874 960 3947 in
976 3873 1066 3949 libro
1081 3877 1349 3971 conformitatem

141 3972 228 4056 oltot
251 3966 419 4063 Francisci
451 3968 618 4043 adorram
646 3967 766 4063 Clnlslr’
789 3986 965 4058 narratur,
990 3992 1027 4044 et
1051 3977 1141 4066 apud
1162 3977 1346 4055 Bonaven·

131 4071 254 4165 ⁹auriam
280 4066 326 4151 in
356 4066 440 4164 ejut
461 4062 561 4147 uita.
608 4061 715 4140 hiber
739 4061 1009 4160 conformitatem
1046 4087 1202 4149 nitorem
1243 4077 1350 4153 hahet
