2976 4830
102 641 180 713 5²0
491 607 641 711 Historia
663 608 789 712 Ectiefi
813 608 938 715 Cirtsss.
1065 590 1068 595 ’

110 802 249 879 litteras
277 817 310 867 a.
348 788 626 888 1418.,e0sqne
655 791 697 866 nd
726 815 820 867 arma
842 811 974 870 contra
1000 788 1261 871 Antichristnm
1280 788 1319 867 lu·

114 899 244 975 menda
267 891 437 966 accendit.
487 889 602 975 Mos,
633 886 814 985 postquam
837 891 924 966 Dux
948 888 1170 967 Hullitatnm
1194 888 1319 966 loleuui·

119 1014 176 1067 ter
204 990 290 1064 elIet
323 988 535 1072 declinatus,
567 985 707 1080 Prtgam
733 987 900 1076 tetendit,
932 984 997 1063 nbi
1021 1010 1042 1061 a
1065 985 1173 1063 sociis
1194 982 1320 1061 aridili·

120 1113 179 1163 me
202 1081 478 1179 exspecftabatut.
527 1078 613 1178 Quo
635 1101 715 1153 cum
739 1081 887 1158 veniffet
910 1104 942 1154 a.
971 1104 1082 1176 1419.
1106 1084 1319 1157 Eccletiaett

119 1178 326 1261 monasteria
347 1178 577 1265 invaduntur,
602 1176 808 1274 Presbyteri
831 1177 976 1272 alicujus
1004 1180 1135 1254 domus
1154 1178 1318 1277 spoliatus,

122 1284 203 1377 ipen
228 1297 332 1348 etum
355 1296 376 1344 a
400 1272 509 1344 Zizka
530 1272 671 1361 occiso,
695 1273 790 1369 qnia,
815 1293 855 1346 ut
879 1274 1056 1364 refertus,
1082 1274 1167 1348 licet
1184 1275 1320 1349 dubiuu

123 1398 198 1462 ter,
230 1374 385 1443 lusorem
421 1369 513 1439 suam
544 1365 769 1464 stupraverat.
820 1370 978 1444 Domum
1013 1362 1319 1459 praeconandi
1357 1392 1362 1407 =

123 1476 272 1545 Senatus
311 1482 387 1537 erat
409 1484 658 1561 congregatus,
682 1482 862 1560 petentes,
888 1466 1043 1562 septem,
1071 1468 1133 1542 vel
1157 1464 1319 1550 undecim,

130 1570 340 1647 Senatores,
364 1559 446 1656 qni,
478 1559 621 1654 reliquis
643 1559 796 1656 dilapsis,
821 1559 1061 1652 substiterant,
1088 1586 1157 1660 per
1179 1562 1320 1635 laneum

150 1662 371 1756 rojeccrunt,
395 1652 567 1729 nullarum
592 1656 790 1751 cuspidibus
805 1657 1080 1752 excipiendos·
1106 1660 1238 1755 populo
1260 1656 1320 1728 lusi·

123 1688 267 1843 tundo,
285 1752 344 1850 qui
367 1749 528 1825 adstabat.
578 1752 646 1824 sed
664 1775 745 1824 num
761 1753 868 1827 Zizka
889 1755 973 1827 hnic
996 1756 1205 1849 tragoediae
1225 1752 1320 1825 aclut-

127 1857 198 1943 rit,
231 1875 300 1923 non
330 1866 498 1922 convenit
526 1845 618 1918 inter
651 1846 853 1938 historIcos,
879 1870 1027 1946 quornm
1048 1850 1112 1924 alii
1135 1848 1321 1933 adfirmant,

113 1953 190 2029 alii
213 1947 325 2022 silent.
374 1944 532 2016 Eundem
560 1964 643 2015 mox
667 1942 825 2036 inpetum
849 1941 1026 2018 senserunt
1053 1964 1093 2020 et
1117 1945 1188 2019 alia
1211 1940 1321 2017 monal-

126 2050 215 2122 teria
239 2045 388 2135 Pragae,
422 2041 636 2133 multumque
660 2036 710 2111 eli
732 2039 904 2133 sanguinis
927 2036 1051 2115 fusum.
1105 2038 1206 2114 Dein
1231 2040 1323 2113 Weu·

113 2144 266 2229 tellao,
292 2160 375 2235 prae
399 2133 697 2219 consternatione,
722 2157 766 2207 ex
791 2140 864 2208 noc
886 2134 1017 2209 nuncio
1042 2135 1087 2209 ad
1113 2135 1231 2232 ipsum
1252 2135 1322 2208 dela·

136 2263 180 2315 to
194 2256 390 2328 concepta,
414 2251 579 2327 correpto
597 2230 799 2325 apoplexia,
819 2251 860 2303 et
875 2251 1017 2304 mortuo
1034 2254 1064 2305 a.
1088 2252 1223 2321 1419„
1244 2252 1324 2305 ante·

114 2390 122 2401 .
157 2358 232 2409 uam
270 2328 505 2422 &gimundin
538 2327 572 2399 ie
607 2326 745 2422 Regem
776 2325 962 2400 Bobemiae
997 2326 1215 2417 declararet,
1246 2326 1326 2420 plebs

128 2363 326 2522 gragensrs,
349 2421 534 2513 instigante
556 2421 682 2510 Zizlm,
709 2422 745 2494 in
769 2419 910 2520 quaevis
926 2420 1138 2496 monasteria
1155 2423 1327 2498 manusiu·

115 2564 121 2572 ·
141 2528 242 2609 ecit,
260 2538 295 2589 et
306 2518 414 2604 ,nulla
432 2516 684 2609 Templomm,
701 2515 1134 2616 imaginum‚vasorumve
1151 2520 1329 2603 sacrorum,

125 2552 229 2699 iuris
245 2612 441 2689 reverentis
461 2612 576 2683 omnia
591 2610 770 2703 spoliavit,
798 2614 979 2702 concidit,
997 2613 1159 2691 violavit.
1207 2612 1328 2690 inmani

132 2719 228 2794 enim
252 2714 337 2787 odio
361 2707 528 2803 flagrabat
551 2706 659 2783 Zrzka
682 2708 718 2780 in
736 2707 958 2798 monasteria,
983 2730 1055 2783 non
1074 2726 1234 2800 tantum,
1252 2708 1328 2807 quoi

131 2812 287 2892 libidinis
324 2826 363 2880 et
403 2803 567 2901 pigritiae
597 2801 709 2877 client
743 2807 835 2892 luci,
868 2805 926 2878 led
960 2804 1138 2879 Monachi
1171 2804 1332 2904 praecipui

130 2914 345 2988 haberentur
368 2922 506 2973 autores
529 2899 689 2994 supplicii
718 2902 839 2988 Hulls,
864 2919 898 2971 et
924 2900 1154 2996 Hieronymi.
1206 2904 1330 2978 Nume-

132 3027 255 3082 rantur
286 3008 331 3074 ab
357 2995 545 3071 Historicis
569 3000 674 3090 nique
699 2997 739 3066 ad
774 3019 846 3084 550
873 2997 1019 3089 Templa
1045 3014 1085 3068 et
1108 2996 1331 3085 monasteria,

138 3126 203 3198 per
232 3097 376 3171 Zizkam
408 3096 443 3164 in
477 3091 638 3165 Bohemia
669 3090 859 3165 destructa:
896 3094 986 3164 unde
1010 3108 1048 3162 et
1071 3089 1239 3190 ingentes
1265 3096 1332 3168 the·

132 3195 225 3272 sauri
251 3195 396 3265 adeum
421 3187 653 3261 defluxerunt,

126 3336 129 3343 ·
185 3289 217 3387 ᾗ.
243 3283 491 3360 cccclxxi.
518 3283 614 3357 Hinc
637 3281 775 3357 tandein
800 3282 972 3378 publicum
994 3301 1113 3356 ortum
1139 3282 1193 3360 est
1218 3287 1331 3362 bellum

136 3389 231 3464 inter
262 3380 417 3456 Huffitas
442 3397 478 3451 et
502 3378 776 3473 Sigilmundnm.
810 3382 876 3471 jam
907 3403 1023 3474 regem
1046 3378 1278 3473 declaratum,
1299 3400 1331 3456 et

134 3507 199 3560 eos
220 3494 501 3573 oppugnantem,
526 3476 808 3569 expeditionibus
831 3498 967 3571 quoque
988 3474 1172 3568 cruciatis,
1201 3503 1222 3554 a
1247 3480 1332 3552 Mu·

134 3582 215 3658 tino
230 3572 451 3667 conscriptis,
478 3567 641 3663 adjutum.
675 3570 778 3669 Quod
794 3575 873 3644 aba.
898 3595 1000 3663 1420.
1025 3571 1195 3668 usquead
1217 3598 1326 3665 1444,

136 3672 276 3777 quando
294 3669 373 3738 urbs
391 3666 512 3737 'fabor
534 3687 633 3759 capta
657 3667 728 3750 est,
752 3667 910 3750 duravit,
936 3687 993 3756 et,
1011 3689 1153 3761 praeter
1181 3671 1322 3744 Bobeni-

137 3797 214 3857 am,
247 3760 385 3837 adflixit
409 3760 628 3839 Morauism.
657 3762 850 3848 niustriam,
874 3760 1060 3847 Milniarn,
1089 3762 1324 3864 totamqnefc·

136 3894 177 3946 re
202 3855 458 3963 Germaniamz·
474 3855 571 3945 cujus
601 3855 776 3930 historiam
799 3880 959 3931 enarrare
983 3857 1087 3930 nostri
1114 3871 1193 3935 no'n
1216 3858 1261 3934 eli
1280 3858 1330 3933 in·

138 3960 271 4043 stituti.
303 3973 341 4026 et
374 3952 476 4023 nimis
508 3953 649 4047 longum
683 3953 795 4026 foret:
829 3953 973 4029 AEncas
1005 3955 1148 4052 Sylvius
1173 3957 1278 4045 dicit,
1300 3976 1336 4028 ss

128 4064 218 4142 bella
249 4054 324 4154 plur
353 4049 598 4142 admirationis,
629 4075 726 4147 qzram
748 4051 852 4149 fidei,
877 4050 1030 4126 labiim
1059 4053 1155 4148 epod
1178 4046 1338 4156 pisserii}

768 4190 774 4201 ·
1273 4168 1344 4246 tutu
