3022 4806
647 633 752 708 dicul.
783 633 868 706 XII.
1318 663 1369 736 93

203 810 230 908 i.
256 793 402 883 LXXX.
432 798 582 883 Accessit
605 830 688 880 mox
712 831 824 881 novus
858 808 969 891 casus,
1001 809 1057 907 qui
1083 810 1352 891 contentionem

162 908 302 980 reddidit
336 907 562 980 acerbiorem.
622 905 703 976 Rex
747 907 856 977 filiuni
892 906 997 977 ‚suurn
1046 910 1271 1001 inaugurari,
1312 936 1349 986 et

158 1005 288 1098 quidem
314 1005 357 1074 ab
384 1003 599 1075 Eboracense
624 1000 923 1096 Archiepil'copn,
951 1029 979 1074 a.
1010 1025 1113 1094 ¹170·
1141 1027 1220 1074 etim
1247 1006 1348 1082 slatu-

150 1098 237 1185 ilset,
263 1099 356 1192 quod
383 1120 401 1167 a
426 1099 666 1169 cantuariense
688 1097 765 1169 alias
789 1098 866 1168 fieri
890 1096 1037 1184 solebat,
1065 1101 1174 1192 Papa,
1199 1100 1268 1170 line
1293 1129 1349 1176 ati·

150 1196 237 1281 dito,
275 1192 480 1265 Eboracensi
506 1193 606 1274 iliud,
643 1192 701 1264 sub
725 1215 843 1287 poeria
864 1192 1113 1286 depositionis,
1140 1196 1344 1286 interdixit,

146 1311 176 1361 et
201 1287 343 1385 reliquis
366 1288 574 1362 Praestilibus
598 1289 740 1361 Tomis.
791 1288 872 1383 Quo
898 1310 964 1358 non
994 1289 1172 1373 obstante,
1199 1314 1347 1366 cornua·

146 1386 190 1458 tio
215 1389 347 1457 eodem
371 1407 461 1455 anno
484 1387 526 1456 ab
550 1381 769 1456 Eboraceuse
796 1381 934 1476 perucia
967 1383 1035 1472 est,
1075 1403 1110 1457 et
1147 1387 1225 1458 Reii
1254 1391 1346 1482 jara·

144 1500 260 1554 mento
299 1478 420 1572 adegit
452 1479 606 1551 subditos
636 1477 676 1550 ad
711 1501 850 1549 omnem
886 1480 1124 1552 obedientiam
1159 1484 1267 1575 Papae
1310 1504 1347 1557 et

143 1578 282 1649 'somae
314 1579 549 1669 abnegandam
582 1593 617 1646 et
644 1574 853 1669 ejurandam.
916 1575 1021 1668 Cujus
1052 1577 1102 1647 rei
1135 1578 1234 1648 brevi
1269 1579 1346 1673 post

142 1671 318 1768 poenituit
349 1671 498 1765 Regem.
548 1668 662 1743 Millis
696 1669 790 1740 enim
826 1693 843 1740 a
875 1672 965 1762 Papa
998 1673 1143 1762 legatis,
1189 1677 1246 1765 qui
1282 1676 1347 1750 nili

140 1793 203 1866 pax
230 1791 313 1840 curri
340 1764 455 1837 Toma
478 1765 645 1854 iniretur,
672 1763 872 1837 sententiam
897 1764 1073 1838 interdidli
1107 1768 1344 1862 publicarent,

141 1863 266 1938 additis
292 1858 395 1932 etiam
419 1860 564 1948 litteris,
598 1858 722 1956 quibus
747 1861 839 1954 Regi
864 1864 1009 1932 eandem
1039 1862 1244 1936 seutentiam
1281 1868 1346 1938 mi·

140 1982 258 2045 natur,
284 1979 385 2049 quam
418 1958 543 2029 tulerat
569 1955 604 2027 in
624 1954 861 2040 Fredericum,
887 1957 1064 2029 isenricus
1093 1958 1220 2030 sinetis
1247 1961 1277 2030 se
1301 1961 1343 2033 ad

138 2079 256 2148 pacem
291 2051 482 2124 satiendam
511 2050 760 2124 demonstrauit
791 2050 1005 2132 inclinatum.
1056 2054 1195 2145 Legatis
1228 2057 1346 2151 itaque

138 2152 167 2224 in
190 2173 301 2222 unuin
327 2164 416 2219 cum
433 2148 533 2240 Rege
558 2167 595 2217 et
621 2147 736 2217 Toma
760 2147 906 2228 conclis,
942 2146 1020 2216 Reii
1047 2170 1165 2239 pacem
1192 2148 1347 2223 restituit
1432 2206 1434 2209 f

140 2248 275 2319 Tomae
309 2263 347 2313 et
380 2247 566 2330 exulibus,
606 2240 781 2313 Ecclesiae
814 2239 1056 2332 pollellionuni
1089 2241 1346 2319 restitutionem

140 2340 319 2436 promisit,
352 2356 450 2410 utet
475 2340 556 2413 Filii
589 2336 830 2410 coronationis
864 2337 1129 2430 repetitionem,
1170 2339 1262 2426 imo,
1306 2363 1344 2414 ut

139 2441 247 2531 Papae
274 2434 445 2506 sententia
471 2436 508 2506 in
532 2435 807 2512 Eboraceusem,
836 2431 1131 2513 Lonlommsem.
1162 2455 1199 2506 et
1227 2437 1341 2510 Sares·

140 2528 354 2615 beriensem,
382 2552 446 2624 qua
469 2533 510 2601 ab
535 2529 655 2602 officio
679 2548 775 2599 eraut
800 2525 946 2614 remoti,
974 2530 1177 2601 executioni
1207 2532 1343 2607 manda·

139 2650 248 2714 retur,
286 2622 479 2709 consensit3
514 2628 611 2697 nulla·
627 2623 916 2697 consuetudinum
942 2624 1039 2718 regni
1074 2625 1163 2698 fieta
1195 2630 1344 2701 mentio·

139 2747 189 2796 ne.
239 2721 321 2817 Qua
348 2723 484 2791 ratione
526 2721 623 2792 linita
654 2718 909 2803 controversia,
946 2741 980 2790 et
1008 2719 1125 2792 'l'oma
1152 2721 1193 2792 ad
1220 2724 1342 2795 Eccle-

140 2820 216 2894 siam
245 2815 387 2890 reverso
410 2840 440 2890 a.
470 2838 600 2906 1170.,
624 2837 704 2886 cum
733 2814 834 2908 Regii
851 2813 995 2885 ministri
1017 2814 1164 2885 'sommi
1183 2832 1343 2906 adirent,

140 2912 282 2989 nomine
307 2910 418 3004 Regis
447 2910 678 3007 postulantes,
713 2929 749 2979 ut
783 2910 957 3000 suspensos
988 2931 1024 2979 et
1057 2914 1342 2984 excommunica·

137 3033 191 3085 tns
226 3008 402 3080 Praesules
439 3007 655 3092 absolveret,
698 3007 769 3097 ipse
803 3027 888 3076 vcro
923 3004 1001 3075 illud
1035 3004 1067 3076 se
1103 3007 1215 3077 lacere
1249 3009 1344 3103 pelle

139 3123 302 3201 negaret,
327 3100 385 3172 nisi
411 3104 520 3197 Papae
546 3104 736 3175 accedente
762 3099 969 3185 autoritate,
996 3099 1128 3188 saltem,
1163 3103 1223 3176 nili
1255 3107 1345 3196 prius

139 3199 306 3301 praestito
338 3198 533 3291 juramento
578 3197 798 3269 obedieutiae
825 3196 1028 3294 Pontifici,
1065 3217 1099 3266 et
1133 3198 1219 3270 salua
1255 3204 1342 3274 l'edis

140 3294 364 3394 Apostolicae
401 3293 619 3376 reverentia;
662 3294 855 3380 Praesules,
888 3294 929 3362 ab
963 3313 1006 3362 eo
1037 3292 1158 3378 alieni,
1196 3296 1230 3364 Τ
1232 3321 1344 3370 ouium

141 3397 272 3477 denuo,
292 3409 452 3482 tanquam
470 3389 570 3483 regui
588 3406 623 3460 et
641 3388 733 3481 pacis
751 3389 1044 3482 perturbatorem,
1064 3388 1172 3478 Regis
1184 3390 1315 3465 linsteiri
1333 3449 1343 3483 ,

141 3511 174 3562 tt
202 3484 460 3583 Episcoporum
492 3483 780 3580 persecutorem,
822 3483 1035 3561 accusarunt¹
1052 3499 1140 3572 apud
1182 3489 1339 3579 Regem.

139 3583 215 3682 qui,
241 3585 313 3654 hoc
336 3579 470 3666 audito,
495 3603 530 3652 in
548 3579 632 3650 haec
657 3577 883 3670 inprudenter
909 3577 1025 3670 erupit
1044 3584 1166 3651 verba.
1188 3581 1345 3676 stfiilelrs

138 3685 284 3757 iuberem
302 3675 481 3770 ministros,
507 3679 560 3747 iric
577 3675 662 3746 laonio
681 3698 729 3746 trie
753 3675 829 3746 aden
845 3698 903 3744 unii
921 3689 1065 3747 vexarat.
1114 3675 1247 3774 Quibus
1266 3705 1345 3775 qua-

138 3799 215 3852 tuor
238 3771 386 3847 excitati
415 3773 591 3859 satellites,
617 3773 653 3843 iu
672 3794 793 3843 necem
813 3770 948 3841 ‘l'orune
965 3769 1221 3862 conspirarunt,
1247 3801 1345 3847 euru·

138 3870 262 3970 quein
287 3867 358 3965 ipsa
382 3867 550 3956 Ecclesia,
579 3887 738 3958 tempore
763 3865 870 3938 officii
895 3868 1104 3959 vespertini,
1138 3868 1215 3963 poll
1240 3872 1346 3942 multa

142 3967 297 4041 convitia
323 3965 359 4036 in
386 3963 498 4058 ipsum
533 3962 710 4056 conjudia,
737 3960 866 4035 uesarie
903 3960 1135 4046 trucidarunt,
1171 3988 1198 4035 a.
1240 3987 1344 4053 1170.

142 4064 221 4138 Vid.
247 4080 389 4158 praeter
405 4058 489 4132 alios
506 4059 681 4155 Johanues
698 4063 870 4135 saresber.
896 4058 963 4154 Ep.
983 4064 1064 4139 286.
1091 4057 1133 4131 ad
1158 4059 1348 4151 ltiliatinem

137 4157 263 4260 sidau.
286 4154 520 4253 Episcopum.
559 4237 562 4244 ,
767 4157 859 4251 Md
935 4158 937 4163 ’
1133 4149 1164 4246 s.
1189 4148 1355 4241 LXXXI,
1404 4087 1459 4496 Ι
