3022 4806
423 540 435 557 ⁸
559 626 563 633 -
636 589 745 674 secu
769 589 881 673 rm.

142 765 286 845 turbasse
316 790 500 848 narrantur
531 794 604 847 non
640 791 776 849 tantum
808 773 1021 852 denslffimae
1059 774 1242 864 tenebrae,
1284 794 1353 853 una

138 891 215 940 cum
241 868 388 945 terribili
416 869 643 965 tempestate,
668 872 861 967 lampadas,
894 895 930 947 et
956 894 1100 962 cereos,
1131 874 1171 946 in
1197 868 1350 948 Ecclesia

139 963 410 1058 exstinguente,
435 965 490 1038 sed
509 986 544 1038 et
561 970 757 1040 commotio
777 968 908 1064 plebis,
934 992 1021 1067 quae
1037 967 1348 1064 quadraginta'ho⁴

138 1061 295 1148 minum,
329 1081 368 1134 et
392 1063 509 1156 supra,
541 1085 667 1136 necem
690 1061 808 1138 secum
838 1068 967 1156 traxit,
999 1087 1088 1161 quae
1119 1073 1205 1137 rnala
1234 1063 1349 1147 sutori

138 1154 282 1249 regimis
317 1159 432 1229 omina
451 1160 526 1229 sunt
561 1160 694 1232 habita.
744 1161 897 1234 Intravit
930 1180 1048 1235 autern
1082 1158 1169 1233 sicut
1200 1159 1343 1256 vulpes,

138 1254 231 1349 quod
260 1252 459 1325 Coelesliuo
485 1254 691 1348 persuaserit
725 1256 1000 1344 abdicationem,
1033 1257 1194 1328 Carolum
1231 1255 1349 1329 multia

138 1347 308 1445 promissis
331 1351 371 1421 in
395 1369 509 1442 partes
533 1352 703 1438 traxerit,
736 1370 773 1422 et
798 1352 916 1427 omnia
942 1351 1117 1426 contraria
1143 1354 1347 1446 praetende-

137 1447 203 1534 rit,
250 1442 450 1516 Coelestrno
477 1446 737 1521 abdicationem
764 1445 1007 1535 dissuadendo,
1027 1447 1349 1541 :et-pontificatum

139 1539 229 1636 quast
260 1541 372 1612 invite
401 1538 631 1636 suscipiendo.
673 1543 750 1641 Qua
768 1546 904 1617 ratione
921 1561 1081 1632 autores,
1105 1562 1259 1638 -qvorunn
1284 1543 1349 1619 alli

141 1640 306 1723 tradunt,
332 1658 411 1707 eurn
437 1635 635 1710 Coelestino
650 1637 803 1721 suasisse,
829 1639 885 1714 alii
905 1630 1349 1723 ·diliuastlic‚-toneilinndi

144 1735 233 1807 strat.
288 1731 425 1804 Emissis
449 1734 577 1804 litteris
603 1732 827 1808 circularibus
842 1738 1065 1832 spontaneam
1083 1733 1350 1809 eoelestimab'·

139 1826 372 1915 dicationem,
398 1827 628 1901 cardinalium
652 1829 803 1903 concilio
820 1835 1064 1929 adprobatam,
1083 1829 1349 1925 legitimamque

136 1925 233 1999 suam
260 1924 493 2012 elesiionem,
518 1924 739 2015 notificavit,
764 1949 943 2021 praeterea
968 1923 1156 1999 Coelestini
1180 1923 1350 1998 constitu·

136 2023 294 2110 tionem,
314 2023 358 2095 de
377 2019 473 2093 licita
493 2020 675 2095 pontificis
691 2022 937 2112 abdicatione,
974 2044 1044 2093 non
1071 2039 1206 2092 tantum
1231 2038 1350 2092 corto·-

138 2117 297 2206 boravit,
331 2113 389 2188 sed
422 2134 459 2187 et
482 2115 582 2190 aliam
610 2117 764 2205 addidit,
806 2141 907 2212 quam
942 2117 1003 2190 lib.
1029 2116 1135 2187 Vlla·
1156 2115 1353 2188 {secretalis

139 2236 222 2303 um,
248 2215 291 2286 ab
315 2211 393 2308 ipso
418 2211 607 2302 conseslo,
634 2213 798 2291 inseruita
822 2213 974 2306 denique
999 2208 1139 2298 effecit,
1165 2226 1203 2305 ut
1227 2210 1350 2312 Aligi-

139 2311 219 2383 diur
252 2309 441 2396 Columna,
483 2307 614 2381 ordinis
647 2301 1134 2403 ‚Eremitaumznugustim
1173 2310 1243 2401 pro
1273 2306 1351 2404 ipso

139 2408 214 2480 hac
226 2404 272 2477 de
288 2425 328 2475 re
343 2404 521 2499 scripserit
542 2404 764 2499 apologiam,
791 2424 894 2492 curn,
921 2400 1047 2498 qui-de
1071 2399 1167 2474 licita
1192 2402 1354 2477 renunci-

139 2503 263 2578 atione
289 2497 513 2589 dubitabant,
538 2520 607 2571 non
632 2499 802 2573 deessent.
835 2498 990 2571 Litterae
1017 2518 1105 2569 vero
1129 2496 1352 2594 encyclicae,

139 2622 160 2672 a
187 2597 320 2670 Bzovio
341 2615 378 2667 et
404 2595 589 2690 Raynaldo
612 2594 826 2689 publicatae,
852 2594 976 2691 quibus
995 2591 1245 2687 prosellionem
1264 2594 1351 2670 fidei

140 2693 237 2783 edit,
263 2711 334 2763 non
358 2688 523 2765 videntur
548 2690 741 2786 genuinae,
765 2712 843 2764 curn
869 2685 1241 2786 antipodarum,
1277 2710 1351 2786 quo

143 2811 248 2876 ante,
284 2786 342 2861 vel
364 2782 462 2882 post,
486 2786 810 2877 consecrationem,
835 2786 992 2859 solebant
1010 2782 1122 2876 Papae
1149 2784 1234 2892 fidei
1268 2806 1355 2858 con·

141 2884 325 2961 seffionern
342 2883 467 2971 edere,
485 2900 525 2954 ut
540 2904 585 2956 ex
601 2884 681 2955 libro
696 2885 807 2958 diurno
823 2879 1030 2955 Pontificum
1049 2878 1210 2951 Gatnern
1223 2897 1353 2975 pateat,

143 3006 218 3056 non
244 2977 391 3077 amplius
416 2975 592 3072 viguerit,
618 2978 740 3075 utique
764 2976 843 3075 post
866 2977 1024 3050 seculum
1041 2974 1104 3046 XI.
1129 2973 1262 3046 nullum
1280 2975 1354 3071 ejus

140 3076 298 3154 occurrit
332 3071 541 3168 vestigium:
575 3093 792 3148 renovarunt
816 3096 898 3147 eum
921 3069 1041 3170 postea
1056 3070 1131 3143 sec.
1159 3069 1245 3145 XV.
1270 3088 1361 3159 corr·-¹

139 3177 222 3252 cilia
249 3167 515 3245 Constantiense
539 3189 577 3243 et
602 3167 799 3245 ssafileense.
919 3236 925 3245 ,
1093 3222 1099 3227 -
1336 3211 1349 3271 j

186 3271 220 3370 s.
245 3267 392 3343 CXCV.
425 3265 574 3338 Primam
605 3266 821 3342 mox‘vertit
854 3287 973 3340 curam
1008 3263 1050 3339 ad
1077 3265 1261 3359 Principes
1285 3262 1360 3348 Etr-f

140 3389 272 3464 ropae,
298 3363 399 3436 inter
425 3364 459 3434 se
485 3360 706 3452 diffidenter,
733 3363 924 3452 uniendos,
951 3383 994 3435 eo
1018 3362 1054 3433 in
1077 3359 1353 3465 primis-scopo,

140 3482 183 3539 ut
207 3457 472 3556 expeditionem
494 3457 681 3532 cruciatam
699 3477 948 3553 promoverem
973 3456 1030 3530 sed
1046 3470 1133 3550 quac
1157 3472 1359 3554 nonaeque

143 3559 298 3635 feliciter
312 3553 480 3630 succeffit.
504 3552 722 3642 Eduardurn,
746 3554 1066 3652 Angliaeregem,
1091 3570 1128 3626 et
1157 3548 1362 3647 ndolpnurn

141 3650 353 3743 Naffaviae,
377 3651 638 3737 Romanorum,
655 3650 719 3746 qui
734 3650 900 3746 Philippo
911 3648 1084 3722 Francite
1097 3649 1233 3723 bellom
1249 3649 1362 3724 inser·

140 3776 183 3828 re
200 3750 456 3836 moliebantur,
474 3746 595 3821 frustra
610 3747 654 3820 ab
670 3767 714 3819 eo
732 3745 914 3842 proposito
928 3744 1358 3835 abstrahereconaturest‘3
1408 3824 1410 3831 ,

141 3871 213 3925 nec
236 3847 315 3944 plus
333 3844 426 3941 apud
444 3844 608 3919 Venetos
623 3859 662 3915 et
686 3843 914 3935 Ganuenses,
941 3845 1067 3919 borum
1093 3844 1216 3940 culpa,
1242 3842 1362 3938 prose·

145 3946 207 4017 cit.
258 3941 449 4017 Feliciores
481 3938 627 4012 fuerunt
660 3958 804 4014 conatur
837 3941 929 4039 apud
960 3940 1159 4039 Philippum
1193 3935 1363 4012 Franciae

147 4060 294 4137 regem,
322 4058 361 4113 et
386 4034 608 4136 Angenior,
641 4033 744 4211 inte}
753 4044 937 4210 prosper
952 4036 1005 4117 eli
1017 4034 1238 4116 enuntiatar-
1262 4032 1363 4143 iuter

177 4186 191 4196 ·-
793 4155 818 4212 2
1269 4149 1371 4229 cujus

85 4267 105 4311 Ι.
