2976 4830
196 547 333 668 ψ
600 561 752 664 maora
775 558 903 660 netes.
929 557 1049 659 orep.

213 746 315 824 matri
339 744 510 837 Domini,
535 743 692 842 stuprum
715 739 903 833 intulisset,
926 737 1037 816 etiam
1062 738 1108 816 ad
1129 736 1336 852 purgatorii
1360 742 1438 840 posi

215 866 277 918 nas
302 847 490 934 tollendas,
532 862 570 915 et
596 843 785 928 finiendam
829 862 913 935 quas
941 838 1175 936 indulgentias
1207 838 1360 937 quisque

202 943 444 1039 ‘pecuniarum
475 938 677 1034 largitiones
706 936 764 1011 sbi
796 955 1000 1031 comparare
1025 952 1179 1031 poterat.
1234 935 1377 1010 invidio
1398 954 1433 1006 o·

218 1058 276 1108 res
301 1058 483 1132 praeterea
507 1037 567 1108 bas
593 1031 859 1107 nundinatioues
891 1031 1058 1106 fecerunt
1083 1052 1289 1128 praecones
1315 1049 1353 1104 ot
1369 1028 1431 1104 ool·

199 1131 389 1220 leslores,
417 1129 686 1228 quaquaversum
708 1130 749 1202 ad
774 1148 831 1204 eas
848 1128 1113 1224 promulgandas
1131 1126 1248 1218 milii,
1271 1149 1337 1223 per
1351 1126 1432 1200 suan

214 1226 478 1397 gpffieft'iamp}
503 1223 665 1321 pecunias
677 1222 843 1335 collesias
868 1225 965 1392 lorgii
990 1221 1433 1393 erlibsdrnfflpendeogo.

257 1373 262 1390 t
480 1349 486 1362 ·
943 1341 981 1390 er
1018 1342 1036 1390 a
1418 1357 1433 1376 ·

216 1343 451 1513 crispili,
480 1343 541 1490 ³5?
569 1342 1016 1512 slllll’blzlml?
1038 1342 1133 1512 'lis
1146 1432 1231 1488 erm
1246 1339 1426 1490 ‘lbet

217 1513 312 1586 ruisrt
344 1514 541 1606 Jobannem
577 1513 759 1585 Tenelium
786 1511 831 1584 de
860 1509 983 1583 ordine
1008 1509 1296 1585 Praedioetorum
1321 1528 1356 1584 et
1377 1511 1430 1584 ln·

246 1607 442 1695 uisrtorem,
476 1608 576 1703 cujus
603 1608 753 1680 formula
777 1604 1004 1681 absolutionis
1026 1608 1138 1681 exstat
1162 1607 1260 1700 apud
1284 1607 1427 1687 Seclren·

213 1630 319 1793 ints,
354 1701 431 1778 hist.
466 1702 721 1776 Lutlreranismi
753 1702 812 1775 lib.
842 1705 871 1778 1.
905 1703 942 1775 iu
967 1702 1047 1776 init.
1094 1704 1137 1776 ln
1163 1703 1342 1776 Helvetia
1365 1703 1429 1774 hoc·

215 1815 363 1872 munere
402 1797 455 1872 est
492 1797 631 1873 sunslus
669 1798 832 1885 Samson,
873 1796 1129 1872 Franciscanus·
1148 1796 1426 1871 Mediolanenffi.

216 1895 293 1994 Qui
324 1893 479 1991 qualisve
511 1914 628 1969 motus
658 1893 741 1969 hinc
767 1891 838 1968 orti
862 1894 950 1985 lint,
976 1891 1097 1991 postea
1122 1894 1163 1969 iu
1185 1891 1337 1970 historia
1359 1894 1425 1970 Re·

202 1987 434 2066 formationis
457 1992 613 2066 narrabo.

265 2086 298 2187 5.
324 2087 438 2162 DXL.
464 2087 504 2159 ln
535 2085 692 2164 Politicis
721 2086 857 2161 varium
889 2087 925 2161 se
951 2081 1198 2162 demonstravit
1224 2083 1339 2183 Papa,
1360 2082 1424 2159 for·

214 2199 359 2271 tunam,
383 2205 456 2255 non
473 2182 580 2255 fidem
599 2205 636 2256 et
651 2183 882 2278 probitatem,
905 2183 1053 2257 secutus
1077 2180 1243 2255 Partibus
1258 2180 1423 2268 Caesaris,

213 2276 443 2351 Venetorum
470 2296 507 2349 et
531 2279 683 2351 sfortiae
710 2279 819 2352 Dacia
844 2273 1116 2352 Mediolanenlis
1140 2279 1212 2350 sese
1238 2276 1278 2351 in
1302 2276 1423 2374 princi·

211 2372 278 2471 pio
302 2371 459 2466 adjunxit
482 2393 603 2446 contra
627 2374 765 2461 Gallos,
791 2373 926 2449 edublis
941 2394 1078 2470 quoque
1095 2390 1221 2447 contra
1238 2395 1322 2463 eos,
1346 2373 1421 2447 Me·

209 2465 357 2543 diolano
388 2463 581 2553 inhianter,
608 2470 789 2544 Helvetiis
810 2470 845 2542 in
869 2471 1020 2545 ltaliam:
1046 2468 1150 2557 dein,
1176 2491 1253 2543 uno
1276 2470 1424 2543 alterove

211 2563 337 2638 habito
371 2561 519 2657 praelio,
552 2561 684 2639 Ssorsia
715 2583 839 2657 capto,
872 2587 910 2642 et
943 2565 1151 2641 Mediolano
1183 2564 1222 2638 iu
1258 2558 1422 2641 Francilci

210 2657 422 2759 potestatem
444 2655 600 2746 redasla,
631 2660 673 2731 ad
697 2660 813 2733 Gallos
834 2661 987 2751 translit,
1012 2656 1192 2734 contram
1212 2681 1300 2736 cum
1326 2664 1423 2735 Fran·

208 2756 306 2830 cisco
330 2752 500 2844 amicitia,
525 2775 561 2825 et
584 2755 713 2849 inperii
742 2756 917 2831 CPolitani
939 2779 1069 2829 corona
1094 2752 1233 2829 scenice
1256 2754 1324 2852 ipli
1346 2778 1421 2830 con·

208 2852 313 2927 celsa.
361 2850 478 2924 Multa
502 2847 582 2923 dein
606 2868 687 2922 curn
713 2871 834 2926 contra
859 2853 1016 2926 Catulum
1042 2852 1089 2927 V.
1113 2848 1150 2923 iu
1175 2852 1328 2947 gratiam
1353 2849 1424 2928 Gu-

209 2947 324 3020 iorum
350 2946 435 3018 esset
459 2945 694 3035 machinatus,
724 2946 767 3020 ad
791 2946 969 3022 Caesarem
995 2946 1133 3020 defecit
1151 2967 1190 3019 et
1208 2947 1336 3023 foedus
1349 2969 1421 3022 cum

210 3040 1424 3216 illl„llllllllsslrl‘llllllalslslllllillst'llrll

209 3230 341 3308 lunensi
364 3225 624 3322 restitueretur,
650 3233 740 3306 Galli
766 3257 855 3307 vero
878 3234 975 3308 ltalia
998 3234 1271 3329 expellerentur.
1321 3235 1425 3313 Vitae

208 3325 364 3422 denique
389 3345 426 3397 et
449 3347 585 3398 morum
615 3327 792 3423 respeslu,
817 3329 1089 3426 voluptuarium,
1116 3329 1288 3406 lascivum
1317 3351 1353 3406 et
1370 3334 1425 3407 Pa·

205 3439 299 3594 patu
315 3420 499 3517 indignum
519 3422 588 3492 sese
606 3426 789 3516 praebuit,
815 3425 1082 3513 venationibus,
1105 3425 1290 3520 aucupiis,
1313 3428 1423 3517 luxui,

251 3513 489 3591 leodidiffimis
507 3518 701 3604 conviviis,
727 3519 874 3595 musicae
898 3543 935 3595 et
951 3521 1039 3594 ludis
1056 3519 1241 3599 theatricis
1259 3524 1420 3599 deditum.

193 3653 199 3669 =
247 3610 435 3709 eligionem
466 3635 551 3683 vero
583 3614 644 3704 ipsi
671 3639 789 3709 parum
816 3613 1065 3704 cunemine,
1096 3616 1172 3692 imo
1197 3618 1318 3693 minus
1339 3621 1417 3695 bene

192 3733 288 3784 'eum
320 3708 364 3780 de
393 3707 656 3782 Christianismo
679 3710 834 3802 senstlse,
858 3711 1006 3789 constat.
1055 3713 1161 3786 Petro
1181 3715 1341 3806 -Bembm
1361 3734 1413 3787 ex.

205 3830 282 3905 gr,
317 3805 429 3875 locum
463 3805 664 3895 Scriptorae
696 3807 821 3882 citanti
858 3808 1028 3899 regelsrlse
1062 3805 1204 3897 fertur,
1240 3815 1319 3908 quid
1342 3808 1415 3883 stilti

65 3988 71 3996 ,
186 3921 323 3977 ,norror
350 3897 446 3992 ssata
469 3902 506 3973 de
533 3900 657 3994 Christo
673 3900 844 3995 fabulam.
897 3905 982 3979 Illud
1009 3923 1126 3978 tamen
1151 3903 1216 3999 ipll
1242 3908 1334 3985 cedit
1353 3908 1418 3982 lau·

194 4000 256 4092 di,
284 3996 383 4088 quud
412 3994 609 4088 studiorum,
639 4018 676 4073 et
706 3999 958 4078 Littetatorum
980 3998 1104 4079 ,stetit
1129 3997 1252 4081 fautor
1275 4026 1324 4084 et
1344 4025 1419 4100 pto·

1297 4118 1417 4179 not&-
