2976 4830
61 556 170 648 iit
491 536 792 647 mstiiiimiiis.
819 544 938 644 cirin.

43 747 46 751 ’
108 727 262 806 tliolicoiii
301 720 514 818 Ecclefiaiii,
555 725 766 801 violatorem
805 720 988 799 notorium
1009 735 1013 742 '
1033 736 1071 794 et
1103 715 1331 816 pertinacem.

111 825 265 925 Quando
298 845 336 897 et
365 827 438 918 ejus
471 820 710 899 obedientiae
735 822 941 898 Cardinales
964 819 1109 912 recepti
1150 816 1262 916 sunt,
1300 829 1331 883 ct

113 918 310 1010 schismati,
345 940 383 991 ut
415 917 618 1005 videbatur,
654 919 733 993 finis
761 915 942 1010 inpositus.
994 914 1112 1011 Quem
1154 913 1194 984 in
1234 907 1331 983 finem

115 1018 300 1093 decretum
325 1017 432 1088 etiam
458 1014 508 1087 est
534 1014 675 1088 leffione
698 1013 863 1111 trigeſsimo
888 1036 992 1097 nona,
1021 1033 1059 1083 ut
1087 1008 1244 1082 Concilia
1271 1005 1337 1078 Ge·-

52 1202 55 1207 ,
119 1114 248 1188 neralia
272 1114 442 1182 continue
465 1111 722 1186 celebrarentur
754 1111 851 1184 statis
884 1111 1129 1201 temporibus,
1165 1105 1216 1176 uti
1249 1103 1328 1199 quii·

141 1211 253 1280 nennio
283 1202 473 1300 posthanc
497 1207 700 1304 Synodunt,
735 1227 771 1280 et
797 1227 878 1280 tunc
903 1203 1043 1299 fingulis
1066 1199 1269 1288 decenniis,
1298 1199 1328 1269 in

118 1232 207 1380 iocis
231 1324 317 1374 vero
340 1301 396 1372 vel
421 1321 440 1369 a
463 1300 554 1398 Papa
590 1323 672 1375 ante
706 1303 814 1376 finem
845 1300 1029 1394 cujuslibet
1061 1298 1228 1395 Synodi,
1258 1315 1327 1391 cuni

119 1399 195 1492 ejus
220 1395 403 1480 consensu,
437 1398 494 1469 vel
515 1400 558 1471 ab
581 1398 653 1492 ipsa
675 1400 843 1495 synodo,
875 1392 1092 1468 definiendis.
1149 1394 1328 1464 Decretum

121 1491 173 1568 ita
198 1493 340 1584 incipit:
360 1487 525 1584 'frequens
549 1495 750 1568 conciliorum
771 1493 970 1590 generalium
993 1493 1175 1563 celebratio
1198 1486 1246 1583 cll
1266 1489 1330 1580 agri

121 1587 287 1661 Doiiiiiii'ci
309 1598 485 1681 praecipua
510 1593 651 1664 cultura.
704 1589 809 1686 Quod
835 1587 981 1661 effatum
1012 1587 1074 1659 vix
1114 1609 1200 1658 cum
1232 1607 1328 1676 expe·

121 1682 250 1759 ticniia
275 1687 493 1756 conciliatur.
547 1688 613 1758 Sed
638 1704 675 1758 et
696 1688 760 1758 alia
785 1699 861 1756 lunt
877 1685 919 1756 ad
935 1684 1220 1777 praecavendum
1237 1679 1328 1754 scliil·

121 1779 383 1866 inordinata,
424 1777 573 1853 formula
606 1803 745 1874 quoque
778 1778 862 1854 fidei
906 1776 1046 1873 singulis
1083 1775 1325 1858 Pontificibus,

120 1895 201 1952 ante
221 1873 401 1948 eit-clionis
432 1877 772 1971 promulgationem,
814 1875 1025 1971 praescripta
1057 1872 1133 1961 est,
1175 1869 1327 1969 qualest

120 1975 266 2047 credere
292 1969 449 2068 profiteri
470 1975 664 2061 debebant,
688 1992 727 2044 et
748 1992 885 2058 tenere,
914 1968 1061 2044 fantem
1081 1969 1191 2043 fidem
1206 1969 1326 2042 Catho-

120 2068 245 2156 licam,
272 2070 455 2140 lecundum
475 2067 677 2141 traditiones
693 2066 961 2162 Apostolorum,
984 2066 1203 2160 generalium
1223 2061 1326 2138 corici·

121 2167 263 2250 liorem,
289 2181 326 2233 et
349 2162 493 2236 alioruin
521 2165 554 2237 S.
581 2164 738 2250 Patroni,
764 2165 801 2235 iii
829 2163 951 2257 primis
976 2159 1059 2234 ocio
1075 2158 1326 2235 Universaliun

124 2257 300 2345 Nicaeni,
335 2256 532 2346 CPolitani,
572 2258 761 2352 Ephesini,
804 2253 1119 2344 Chalcedonensis,
1161 2250 1324 2330 CPolitani

123 2354 235 2449 quinti
261 2371 296 2422 et
323 2351 431 2440 sexti,
460 2353 610 2425 Nicacni
634 2355 679 2427 ll.
706 2354 883 2437 CPolitani
908 2350 1044 2441 octavi,
1076 2349 1324 2439 Laterancnfis,

120 2444 378 2542 Lugduninsis,
403 2466 440 2518 et
458 2447 675 2524 Viennensis.

167 2546 186 2643 ᾗ
223 2542 461 2615 CCCCXXV.
491 2541 624 2642 Quibus
654 2543 816 2619 omnibus
846 2543 888 2616 ad
921 2542 1064 2616 felicem
1101 2540 1257 2617 adduas
1283 2538 1317 2611 li·

124 2663 228 2728 nem,
254 2635 428 2730 progrella
451 2636 500 2707 est
525 2640 686 2732 Synodus
714 2650 755 2713 ad
786 2642 871 2713 novi
888 2641 1001 2732 Papae
1013 2636 1245 2724 eiectionem,
1265 2633 1320 2707 eit·

124 2762 192 2836 quc
211 2759 229 2809 a
245 2732 373 2826 viginti
394 2735 649 2826 Cardinalibus,
667 2736 725 2832 qui
746 2739 942 2831 praesentes
959 2739 1130 2824 aderant,
1158 2756 1197 2808 et
1216 2735 1324 2829 trigin-

123 2855 159 2910 ta
183 2829 412 2916 elcdlotibur,
448 2833 635 2924 aSynodo
657 2824 850 2929 deputatis,
885 2832 922 2905 in
954 2833 1125 2903 conclave
1159 2830 1324 2929 ingieffls,

123 2930 252 3006 eiectus
278 2925 359 2996 Odo
384 2929 428 2996 de
454 2927 641 3017 Columna,
667 2953 688 3003 e
715 2929 821 3019 nobili
847 2927 903 3000 illa
929 2925 1213 3014 Columnensium
1239 2926 1327 3019 fanti

119 3027 195 3113 lea,
219 3021 399 3113 sitimque
421 3020 592 3095 Martinus
620 3025 690 3112 V.,
714 3045 818 3116 quem
836 3020 963 3096 Platina
978 3046 997 3093 a
1007 3020 1164 3120 justitia,
1192 3025 1328 3118 pruden-

120 3121 187 3208 tia,
206 3138 242 3191 et
261 3114 500 3189 moderatione
517 3117 656 3207 inpense
673 3121 798 3193 laudat.
818 3126 821 3131 ’
849 3120 907 3192 De
923 3142 993 3214 quo
1008 3138 1197 3213 antequam
1217 3141 1327 3217 agam,

122 3216 252 3306 reliqua
276 3211 406 3317 Synodi
428 3211 571 3288 decreta
593 3232 629 3286 et
651 3215 725 3287 aila
750 3213 892 3289 strictim
919 3217 1133 3295 recensetum
1160 3218 1207 3288 de
1243 3236 1327 3313 prae·

123 3310 237 3402 cipuis
276 3329 370 3380 enim
405 3306 510 3382 fusius
553 3310 619 3383 suis
650 3333 793 3404 expono
824 3308 917 3386 locis.
965 3311 1050 3382 Huc
1083 3313 1270 3404 pertinent
1301 3333 1326 3385 t.

121 3403 268 3483 Wiclefi
296 3402 557 3494 condemnatio,
591 3426 628 3477 et
653 3405 844 3481 violentiae
867 3408 903 3480 iit
935 3408 1010 3501 ejus
1039 3408 1194 3480 cadaver
1227 3406 1326 3481 etli-

121 3506 204 3583 bros
229 3500 440 3574 commillae.
494 3523 526 3576 2.
551 3500 862 3576 Vivicomburium
885 3498 1140 3597 tyrannicum,
1165 3524 1205 3576 et
1233 3499 1325 3576 Anii·

120 3597 362 3682 christianum,
391 3596 550 3670 virorum
576 3602 828 3692 praeclarorum
853 3597 1024 3694 Johannis
1042 3597 1169 3687 Hussi,
1193 3620 1232 3672 et
1250 3598 1324 3672 Hic·

119 3691 264 3792 ronymi
297 3689 491 3785 Pragenlis,
526 3715 558 3783 3.
584 3696 708 3768 Calicis
730 3696 766 3767 in
794 3692 998 3767 eucharistia
1032 3693 1169 3773 ablatio
1204 3690 1322 3787 Laicis,

121 3812 160 3871 et
187 3787 386 3866 communio
410 3787 470 3858 sub
497 3809 562 3859 titia
590 3790 686 3882 panis
709 3790 825 3887 specie
848 3789 1002 3863 definita.
1052 3811 1089 3879 4.
1125 3785 1325 3864 Reformati·

61 3910 67 3922 ·
120 3889 203 3965 onis
237 3885 385 3980 denique
421 3884 586 3976 quaedam
619 3887 697 3959 sunt
726 3883 915 3957 constituta
946 3881 1079 3977 capita,
1123 3888 1331 3979 potissimum

119 3982 330 4083 sequentia·
355 4011 393 4082 af
418 3976 573 4060 Potestis
593 3999 632 4060 et
655 3985 825 4062 autoritas
848 3981 979 4079 Popilii
1007 3978 1059 4056 est
1092 3982 1333 4079 circumscrip-

20 4153 234 4472 ἢ
1289 4099 1339 4167 α.
