3022 4806
652 537 901 670 recurunt}
1357 623 1423 692 ‚-

169 766 314 849 habitum
362 769 448 875 Quo
479 768 637 848 sacinore
672 772 711 850 in
749 770 871 846 maiam
903 783 1040 867 partem
1078 793 1098 846 a
1127 770 1294 849 Fnlbertu
1335 776 1397 853 et'

169 869 308 966 cognatis
331 889 459 967 raptu,
493 867 559 943 aest
585 868 620 943 se
643 871 686 943 ab
711 890 750 946 ea
774 864 934 944 voluisset
964 869 1109 941 liberare
1132 869 1364 962 Abaelardur,

164 968 279 1066 aliquus
301 963 556 1056 subornarunt,
593 967 673 1062 qui,
701 966 739 1039 in
771 969 846 1062 ejus
870 960 1069 1038 cubiculum
1097 964 1205 1038 noctu
1235 970 1369 1044 irruen-

163 1080 225 1152 ter,
252 1083 331 1135 eum
360 1061 599 1135 dormientem
625 1062 791 1136 secerunt
826 1059 1053 1149 eunuchum,
1086 1061 1233 1134 exsectis
1255 1064 1368 1137 virili·

160 1158 224 1231 bur.
272 1158 388 1261 Quam
411 1161 459 1231 ob
484 1180 559 1230 rem
586 1160 722 1250 pudore
757 1154 925 1230 confusus
955 1152 1184 1231 monasticam
1223 1179 1261 1232 et
1292 1161 1369 1256 ipse

157 1253 255 1331 vitam
293 1254 403 1347 elegit
427 1252 465 1325 in
497 1252 646 1327 Abbatia
678 1255 713 1327 S.
741 1250 927 1346 Dionysii,
962 1249 1118 1326 Heluiffa
1148 1276 1261 1344 vero,
1293 1255 1390 1352 pri·-

153 1374 239 1425 mum
261 1347 425 1423 Priorissa
451 1350 488 1423 in
514 1348 725 1423 monasterio
749 1345 1052 1444 Argenticulensi,
1078 1347 1161 1422 dein
1185 1351 1363 1427 Abbatilsa

153 1448 185 1522 in
207 1441 462 1535 Paracletensr,
495 1447 537 1518 ab
560 1444 756 1538 Abaelardo
790 1441 1018 1531 contemtio,
1055 1441 1145 1518 nihil
1177 1469 1198 1520 a
1230 1445 1360 1523 lasciva

151 1544 206 1617 sua
235 1541 360 1622 indole
388 1538 545 1631 remifit,
580 1560 618 1612 ut
654 1562 698 1614 ex
731 1540 805 1635 ejus
837 1535 991 1633 epistolis
1023 1557 1143 1632 patet:
1177 1541 1235 1614 ubi
1269 1542 1365 1617 inter

147 1640 209 1714 alia
240 1636 360 1726 dicit,
393 1636 428 1709 se
459 1635 534 1733 ejus
563 1634 707 1710 amicam
744 1653 781 1708 et
814 1633 1038 1708 meretricem
1069 1637 1210 1731 semper
1256 1639 1364 1736 magis

146 1735 270 1810 amasia
303 1731 445 1822 haberi,
485 1753 589 1828 quam
622 1751 789 1819 uxorem,
830 1729 964 1827 ipsique
995 1729 1106 1824 magis
1139 1754 1245 1827 quarn
1279 1737 1363 1808 Deo
1503 1778 1507 1801 r

143 1833 312 1905 devotam
334 1824 417 1903 esic.
469 1824 634 1900 Testatur
663 1825 888 1900 nihilominus
921 1826 1134 1900 Abaelardus
1165 1851 1241 1902 eam
1278 1831 1362 1905 dein

144 1927 253 2000 vitam
277 1922 411 2021 degisse
441 1919 708 2018 nigrontum,
741 1944 811 2018 quo
842 1922 988 1994 nomine
1020 1945 1096 1996 eam
1129 1947 1266 2021 quoque
1299 1950 1363 1998 co·

143 2023 206 2096 luit
234 2021 458 2110 Bernardur,
497 2035 536 2093 et
577 2018 714 2103 Petrus,
742 2018 967 2108 Mauricius,
1010 2016 1246 2095 Cluniaceusis
1283 2023 1358 2096 Ab·

141 2119 225 2314 bui.
247 2214 335 2290 v11.
369 2207 582 2287 Abaelardut
605 2232 694 2285 vero
724 2229 836 2282 novos
866 2207 1034 2302 deinceps
1068 2209 1187 2283 nasius
1218 2212 1269 2286 est
1300 2217 1359 2290 ad.

143 2309 339 2399 versariur,
378 2327 449 2381 nec
481 2307 633 2382 aemulor
665 2323 798 2382 tantum
831 2303 1034 2378 Albericum
1075 2325 1112 2378 et
1154 2308 1358 2404 Lutnlfum,

139 2403 393 2484 Rhemensrum
429 2400 630 2477 Schularum
670 2399 870 2498 magistros,
904 2400 960 2473 sed
994 2421 1032 2474 et
1065 2402 1359 2501 Sandionysranor

143 2503 370 2589 Monachus,
407 2494 470 2594 ipsi
503 2497 645 2594 duplice
670 2501 814 2574 nornine
839 2494 1015 2586 insensum
1049 2520 1142 2588 uno,
1174 2507 1295 2594 quod,
1331 2503 1357 2578 sr

141 2598 339 2676 Abaelardo
359 2597 429 2668 hoc
453 2591 625 2668 referenti
650 2592 692 2669 srt
724 2593 920 2683 fidendum,
952 2592 1064 2666 vitam
1096 2616 1216 2669 eurum
1252 2595 1356 2671 dissu-

142 2697 309 2772 lutiorem
326 2687 469 2768 liberior
491 2708 672 2786 carperet,
697 2689 830 2779 alteru,
882 2689 949 2763 uod
968 2690 1175 2784 Dionysium
1194 2694 1353 2787 Areopa·

143 2793 253 2889 gitam
278 2783 453 2876 statuerit,
476 2804 557 2858 cum
578 2786 689 2876 Beda,
715 2808 788 2861 nun
813 2713 1101 2874 Atheniensium,
1134 2786 1193 2859 sed
1224 2792 1355 2863 Coran-

143 2888 298 2963 thiorum
322 2882 425 2959 fuisse
450 2880 676 2976 Episcopum.
717 2882 772 2957 Ex
797 2903 974 2979 quocum
1008 2880 1229 2976 sequeretur,
1260 2886 1353 2958 Dio·

142 2983 298 3081 nysium,
331 2977 520 3053 Galliarum
542 2976 769 3076 Apostolum,
803 2978 862 3069 qui
889 2973 1112 3051 Atheniensis
1136 2976 1351 3072 habebatur,

143 3099 212 3153 non
234 3073 338 3151 fuiffe
362 3070 572 3183 Dionyfium
595 3076 737 3171 Areopa
765 3072 870 3167 tam,
903 3091 961 3145 aut
997 3073 1226 3168 Apostolum,
1258 3078 1351 3151 Dio·

144 3175 276 3271 nyfiani
298 3167 477 3247 Monachr
497 3167 581 3242 illud
605 3169 725 3245 acerbi
764 3193 822 3242 me
851 3170 1024 3257 tulerunt,
1059 3191 1211 3253 eumque
1243 3196 1353 3270 prop.

146 3290 261 3360 terea,
302 3288 401 3343 more
431 3264 642 3355 zelotarum,
675 3283 836 3363 tanquam
869 3267 1082 3338 Francorum
1117 3264 1254 3343 hostem
1287 3289 1353 3345 tra·

144 3368 326 3440 duxeruut.
375 3362 481 3436 Unde
504 3359 600 3434 varia
623 3361 697 3458 ejus
721 3361 864 3436 vexatio
889 3377 967 3435 orta
989 3357 1050 3435 est.
1098 3362 1241 3438 Aemuli
1278 3387 1354 3441 mo·

145 3464 191 3535 do
215 3459 402 3536 memorati
435 3454 606 3531 haeresim
637 3477 756 3531 nutam
784 3457 848 3553 ipsr
878 3454 1045 3531 inurendi
1069 3457 1184 3532 ansam
1218 3460 1357 3560 adripu.

144 3577 245 3631 erunt
265 3580 311 3632 ex
335 3554 428 3631 libro
453 3552 528 3645 ejus
551 3552 594 3625 de
624 3551 819 3650 Theologr'a‚
845 3552 915 3627 huc
940 3569 1103 3648 tempure
1125 3556 1288 3668 vulgatu,
1317 3559 1355 3636 in

168 3677 234 3744 uo,
267 3674 306 3728 ot
337 3645 540 3743 discipulis,
570 3648 630 3743 qui
667 3649 760 3727 nihil
797 3649 896 3725 credi
928 3649 1134 3740 voluerunt,
1166 3651 1229 3727 nrsr
1260 3660 1354 3751 quod

143 3678 204 3824 inu
230 3744 504 3843 intelligentiam
538 3745 711 3834 caderet,
750 3745 1034 3858 gratificaretur,
1073 3747 1118 3821 de
1149 3753 1277 3825 unitate
1316 3773 1355 3828 er

147 3844 311 3922 Trinitore
335 3837 582 3940 philosophice
609 3859 647 3915 et
670 3840 842 3918 subtiliter
866 3838 1043 3916 disternit:
1075 3843 1264 3922 adversarii
1292 3848 1356 3921 ita·

140 3966 208 4044 que
228 3940 301 4033 illi,
335 3960 421 4015 eum
440 3932 695 4011 Tritheismum
723 3937 903 4014 inculcare
928 3957 964 4010 et
995 3955 1064 4011 tres
1096 3939 1194 4015 Deos
1224 3940 1360 4040 praedi-

125 4060 215 4119 ·care
241 4038 301 4115 illo
334 4035 377 4110 in
408 4031 521 4123 libro,
562 4051 782 4129 arguemur,
825 4054 863 4111 et
896 4032 1112 4111 eonomine
1141 4043 1361 4121 accusarunt.

177 4134 267 4216 rm.
295 4132 367 4210 Vr.
448 4185 457 4207 ,
727 4132 756 4202 n
1063 4194 1067 4203 .
1220 4133 1368 4234 synna,
