3022 4806
166 671 170 675 ,
222 602 290 687 148
597 572 900 674 Iistoria'licclls.
924 572 1045 674 uurlsl.

225 789 351 851 contra
376 765 469 839 hanc
495 753 674 840 haercfin3
699 757 758 850 qui
785 753 969 850 adjungit,
991 749 1134 827 eosdem
1160 747 1232 829 elle
1257 774 1278 825 a
1302 753 1452 826 Bernar-

226 871 274 946 do
299 854 521 943 Narboneufi
552 851 766 940 invocatos,
799 871 837 924 et
860 846 940 944 post
965 850 1240 946 praecedaneani
1267 846 1454 944 disputati·

228 987 333 1041 onem
358 961 546 1032 damnatos.
597 945 683 1018 Nee
707 947 768 1018 alii
792 944 960 1018 videntur
984 943 1110 1032 fuiffe,
1144 944 1226 1040 qni,
1261 943 1349 1017 teste
1376 939 1448 1015 Ri-

226 1060 340 1160 gordo
380 1054 423 1126 de
453 1043 551 1142 gestis
583 1041 722 1134 Philippi
762 1039 906 1134 Augusti
934 1038 1129 1112 Francorum
1177 1039 1306 1134 Regis,
1352 1038 1451 1110 inter

226 1158 412 1252 rcriptorco
462 1148 582 1214 u'runc.
631 1137 800 1224 Pitnoei,
851 1134 943 1207 haud
998 1136 1129 1230 exigno
1177 1155 1324 1206 numero
1348 1154 1451 1212 com,

228 1253 320 1334 busti
359 1246 436 1318 sunt
474 1237 508 1307 in
556 1231 714 1304 flandria
757 1255 778 1304 a
816 1228 992 1303 Gulielmo
1030 1227 1220 1304 Rhemenfi
1251 1223 1453 1325 Archiepis·

229 1328 598 1522 antonne
614 1324 968 1510 intruso
986 1323 1452 1519 Pluuialiam:

230 1564 279 1639 go
310 1527 516 1622 PopeIicooos
549 1516 653 1590 tradit
685 1514 881 1589 Gulielmun
919 1512 1054 1590 Briton.
1090 1517 1289 1612 Pltilippidos
1327 1513 1388 1590 lib.
1418 1514 1465 1594 1.‘

229 1634 319 1715 ibid.
371 1621 534 1712 Denique
569 1613 605 1684 in
635 1609 778 1705 Synodo
807 1612 984 1685 senonen.
1016 1634 1047 1686 a
1076 1621 1182 1704 1198.
1206 1611 1301 1685 idem
1334 1610 1456 1687 contio

123 1738 132 1748 “
232 1735 309 1833 git:
343 1717 403 1794 ubi
429 1708 631 1793 Rainaldus,
666 1706 785 1780 Abbas
801 1707 843 1813 8.
861 1705 1029 1796 Martini,
1055 1708 1204 1782 duorum
1222 1728 1362 1802 quoque
1394 1728 1455 1777 er·.

231 1844 351 1906 rorum
376 1812 504 1885 dicitur
525 1799 723 1889 conviilus,
764 1798 915 1889 scilicet,
955 1823 1082 1898 corpus
1113 1801 1261 1876 Domini
1285 1801 1457 1880 mitti-in

234 1916 422 2004 seceffutn,
462 1922 497 1974 et
522 1919 641 1971 omnes
662 1898 760 1992 juxta
797 1895 992 1991 Origenem
1021 1897 1091 1972 effe
1117 1899 1305 1973 salvandoa.
1362 1895 1455 1974 Vide

234 2009 436 2098 Chronicon
470 1990 769 2079 Autisrodorense,
819 1991 879 2064 ubi
915 1990 1128 2086 adpellantur
1159 1994 1370 2086 Populioooi,
1410 1990 1455 2070 ii«,

235 2132 298 2194 cut
330 2105 367 2179 in
392 2095 542 2174 concilio
566 2084 782 2164 lateranensi
799 2086 864 2160 111.
890 2087 1082 2175 Publiceni,
1107 2112 1176 2183 quo
1200 2086 1343 2162 nomine
1368 2088 1453 2163 Ma.

236 2199 380 2290 nichaei
405 2195 481 2269 sunt
505 2185 680 2285 insigniti,
705 2182 787 2258 aliar
807 2182 1008 2274 Pauliciani,
1034 2184 1266 2276 erPauliaui,
1292 2179 1401 2280 dieu.
1452 2193 1457 2200 '

462 2373 778 2453 NESTORIANI
800 2370 869 2445 ET
893 2371 1227 2450 EUTYCHIANI.
1358 2413 1359 2416 ¹

251 2587 319 2684 ·§.
345 2567 530 2650 cxxvlt.
564 2562 828 2659 Nestorionorum
855 2562 998 2639 historia
1027 2588 1106 2639 curn
1136 2566 1452 2662 praeterPatriar·

238 2689 385 2763 charum
416 2663 609 2751 catalogum
652 2660 740 2732 nihil
779 2660 851 2732 iere
891 2683 1085 2735 memoratu
1126 2665 1270 2757 dignum
1310 2665 1452 2738 exhibe·

237 2800 293 2867 gt,
319 2765 380 2843 nist
403 2757 495 2856 quod
521 2756 606 2826 Elias
634 2757 718 2845 111,
752 2755 810 2851 qui
829 2779 891 2847 per
908 2779 955 2847 24
976 2780 1103 2845 annos,
1136 2764 1241 2852 ulque
1257 2759 1298 2830 ad
1320 2781 1460 2850 1190.,.

239 2871 345 2956 sedit,
370 2858 564 2934 celebretur
582 2870 742 2946 tanquam
760 2851 915 2944 Linguae
933 2852 1102 2926 Arabicae
1128 2873 1166 2925 et
1191 2851 1350 2946 Syriacae
1364 2877 1460 2950 cog··

239 2964 397 3047 uitione,
432 2965 591 3051 necnon
617 2948 789 3020 nonnullis
819 2946 983 3039 homiliis,
1015 2945 1183 3041 epistolis,
1215 2969 1256 3018 ac
1288 2951 1455 3043 precibur

239 3065 282 3140 ab
302 3046 377 3146 ipso
396 3039 616 3134 compostus,
640 3045 682 3118 ad
702 3043 858 3117 officium
878 3044 1135 3141 vespertinum,
1160 3042 1400 3132 nociurnum,
1416 3065 1454 3120 et

239 3140 467 3235 matutinum,
510 3135 639 3224 clarus,
680 3140 725 3210 de
758 3162 827 3234 quo
868 3141 942 3215 vid.
976 3137 1150 3222 Aliernan.
1181 3138 1268 3212 Bibl.
1303 3139 1448 3218 Orient.

240 3264 326 3327 tom
340 3235 422 3340 mu
447 3228 497 3336 de·
510 3231 730 3325 Eutychianos
747 3234 913 3326 quaedam
930 3232 1075 3308 dicenda
1095 3233 1183 3308 sunt.
1209 3232 1451 3330 Syro-Jacobi·

242 3358 351 3423 aarum
376 3323 520 3435 historia
545 3349 668 3420 parum
693 3326 886 3425 suppeditat
912 3328 1136 3404 memotabile
1168 3350 1308 3424 praeter
1340 3331 1457 3405 Patri·
1493 3399 1503 3407 .

241 3433 360 3520 achra
391 3419 453 3493 fibi
490 3416 732 3511 succedentes,
756 3425 826 3523 ¹qui
857 3426 960 3522 saepe
990 3425 1169 3500 ambitiose
1205 3443 1241 3496 et
1273 3423 1455 3520 inperiose

239 3520 478 3636 pineiuerunt.
530 3515 599 3588 Sub
624 3513 780 3606 Joloonne
804 3525 1013 3612 Maniliano,
1045 3521 1105 3618 qui
1131 3518 1213 3594 uilo
1234 3539 1363 3611 annot,
1397 3525 1453 3600 us·

241 3642 310 3730 que
333 3613 376 3690 nd
405 3629 533 3717 1137„
566 3613 740 3706 praefuit,
766 3620 957 3714 Gregorius,
983 3621 1214 3692 Armenornm
1229 3615 1457 3714 Catholicae,

240 3708 392 3807 “omitte
419 3703 538 3791 edito,
571 3704 852 3802 Syro-Jacobitas
874 3713 1122 3811 reprehendit,
1154 3710 1247 3808 quod
1273 3734 1336 3784 ano
1360 3714 1457 3814 dign·

242 3838 282 3906 ιο
305 3820 444 3887 crucem
476 3795 690 3888 formarent,
724 3805 902 3882 fermento
936 3828 1119 3885 uterentur
1150 3808 1188 3881 in
1216 3807 1452 3904 eucharistia,

244 3914 386 3999 plnum,
417 3891 507 3981 mel,
546 3890 703 4003 oleum„
729 3900 823 3974 nun
853 3900 1064 3979 infestorum
1123 3902 1250 3992 olluta,
1289 3906 1460 4000 precibua

240 3996 457 4103 „undennis
506 3986 572 4066 02²
593 3989 744 4075 cunni
767 4015 847 4073 etun
871 3999 963 4077 aliud
992 3927 1206 4102 oppoi‘uiffet
1230 3999 1461 4080 ,uo-Anum

228 4150 241 4179 n
839 4156 856 4168 -
898 4156 909 4169 ·
1402 4121 1467 4192 ΙΙ.
