3022 4806
160 595 233 650 110
555 569 702 672 {istoria
725 568 851 668 Eresos.
876 564 996 669 ctrtfl.

164 763 310 847 petens,
343 765 380 827 ut
403 750 621 848 proximum,
655 767 817 846 tanquam
848 749 909 845 qui
943 748 1132 846 peccavit,
1159 747 1197 825 in
1222 747 1385 827 ordinem

164 848 312 945 redigat.
340 872 372 942 3.
390 857 584 946 denegatae
602 847 757 943 justitior
782 844 929 919 alueis
949 845 1138 942 judicibus.
1161 870 1197 938 4.
1215 852 1383 922 matrimo-

163 945 228 1035 nii,
255 966 411 1041 tanquam
431 943 654 1030 sacramenti,
680 966 749 1037 quo
773 961 959 1038 praetextu
975 965 1098 1018 omnes
1115 945 1235 1016 causae
1259 944 1384 1018 matti·

156 1039 328 1114 moniales
351 1042 393 1114 ad
416 1044 566 1114 tribunal
582 1034 857 1112 Ecclesiasticum
882 1037 1092 1113 referuntur.
1119 1061 1153 1129 5.
1173 1041 1380 1133 juramenti,

161 1157 231 1231 quo
255 1139 398 1210 nomine
425 1137 541 1210 omnia
566 1135 726 1232 negotia,
758 1155 837 1208 cum
858 1131 1061 1226 juramento
1083 1133 1289 1229 conjuntla,
1324 1160 1390 1212 res

162 1231 226 1306 bus
249 1235 473 1306 accensentur
496 1234 537 1306 ad
562 1231 675 1304 forum
699 1228 972 1304 Ecclessallicum
995 1229 1266 1325 pertinentibus.
1318 1233 1380 1307 De

161 1331 285 1424 quibus
309 1327 486 1416 omnibus,
525 1326 664 1424 aliisque
687 1326 814 1415 causis,
845 1323 916 1398 vid.
943 1326 1115 1400 Boehmer
1139 1326 1217 1422 Jur.
1239 1327 1377 1404 Ecclel'.

160 1423 184 1497 l.
210 1425 255 1496 ll.
283 1420 337 1498 tit.
355 1425 422 1511 ls.,
448 1423 505 1521 qui
531 1423 618 1499 ibid.
645 1424 665 1496 l.
694 1423 743 1495 V.
768 1421 824 1494 tit.
850 1422 878 1492 Ι.
903 1422 1099 1517 prolixum,
1128 1425 1231 1516 juxta
1252 1423 1378 1499 seriem

158 1518 440 1627 alphabeticam,
483 1517 668 1594 contexuit
705 1516 894 1591 criminum
925 1515 1268 1610 Ecclesiasticorum,
1315 1522 1375 1596 vel

158 1635 368 1702 mixtorum,
393 1617 599 1714 catalogum.
712 1659 715 1665 ·
895 1662 900 1672 ·

207 1710 238 1808 l.
264 1711 376 1786 XCV.
403 1713 584 1785 Praeterea
607 1710 885 1805 indulgentiarum
910 1709 1101 1804 plenisiima
1135 1707 1286 1805 potestas
1317 1711 1374 1786 fu·

158 1804 188 1879 it
215 1806 315 1902 Papis
339 1809 537 1895 adtributa3
572 1831 672 1904 quam
699 1828 807 1900 etigr
843 1806 1027 1880 Honorius
1055 1807 1102 1879 sl.
1127 1826 1165 1879 et
1188 1808 1372 1904 Eugenius

160 1902 226 1977 Ill.
253 1923 506 1992 exercuerunt,
533 1905 616 1999 qui,
643 1923 681 1974 ut
702 1903 808 1974 sacras
825 1921 1081 1997 promoverent
1097 1901 1368 1996 expeditiones,

156 1998 407 2096 promiserunt,
440 1999 562 2094 utique
586 1997 781 2096 Eugenius,
812 2015 850 2068 ut
884 2002 1039 2086 omniurn,
1074 1999 1111 2069 de
1135 2000 1250 2092 quibus
1273 2002 1370 2074 corde

156 2100 290 2170 contrito
324 2090 543 2191 confeffionem
563 2094 730 2192 fecerint,
769 2092 999 2187 indulgentiam
1033 2096 1233 2181 obtinentin
1278 2096 1369 2168 teste

155 2192 328 2265 Bernardo
352 2194 452 2289 epist.
480 2213 562 2286 322.
588 2213 625 2265 et
651 2214 733 2287 394.
768 2190 823 2261 ubi
850 2210 924 2261 eam
958 2191 1106 2285 adpellat
1137 2191 1222 2285 largi
1249 2213 1367 2266 traam.

154 2288 259 2364 Unde
290 2287 548 2360 Canonistarum
580 2288 684 2360 fluxit
717 2283 896 2373 doslrina,
937 2285 1041 2358 solius
1079 2287 1218 2380 Papae,
1256 2285 1367 2361 instar

102 2440 105 2445 .
153 2383 256 2470 Dei,
296 2381 365 2453 esse
407 2381 641 2453 remifflonem
680 2397 919 2475 peccatorum.
977 2378 1143 2475 Denique
1182 2379 1366 2477 originem

153 2475 239 2550 huic
263 2476 377 2548 seculo
400 2475 503 2547 debet
529 2474 656 2568 opinio
687 2474 730 2548 de
768 2475 936 2568 thesauro,
971 2479 1028 2549 seu
1060 2477 1364 2570 superabundante

154 2573 293 2645 cumulo
317 2567 520 2642 meritorum
547 2569 674 2643 Christi
699 2588 735 2642 et
757 2570 984 2645 sanetorun:
1018 2573 1116 2667 cujus
1146 2572 1364 2668 dispensatio

151 2665 204 2742 est
227 2664 402 2740 Ecclesiae
427 2665 626 2757 commissa,
661 2665 718 2739 seu
742 2666 981 2760 principaliter
1011 2667 1131 2763 Papis,
1166 2664 1260 2742 Petri
1286 2667 1365 2743 suc'·

150 2761 360 2850 cefforibus,
393 2785 438 2837 ex
471 2783 541 2856 quo
575 2762 812 2856 indulgentiae
845 2761 1094 2859 dispensantur.
1136 2762 1367 2861 Raymundus

148 2879 264 2937 autem
295 2883 369 2933 eam
404 2856 594 2933 doetrinam
627 2860 661 2933 in
698 2860 810 2930 lucem
851 2857 1057 2954 protraxit.
1098 2857 1260 2932 Albertus
1300 2861 1364 2938 M.

149 2960 232 3033 dein
259 2958 369 3049 magis
391 2954 563 3038 excoluit.
591 2974 630 3028 et
655 2957 788 3028 Tomas
819 2955 973 3049 Aquinas
997 2953 1173 3048 splendide
1197 2959 1365 3047 ornavit,

149 3057 310 3130 Clemens
330 3053 415 3124 Vll.
440 3051 634 3145 pontificali
653 3049 837 3123 autoritate
861 3051 1112 3123 corroboravit.
1145 3047 1229 3123 Vid.
1249 3053 1367 3126 Boelr·

75 3173 80 3181 ’
147 3172 223 3228 mer
257 3149 328 3243 Jur.
360 3147 491 3219 Eccles.
527 3165 611 3223 tom.
637 3149 704 3220 lV.
738 3146 773 3217 in
803 3142 931 3223 dislert.
963 3142 1199 3242 praeliminari
1223 3146 1268 3220 de
1293 3147 1367 3223 Ro-

146 3271 246 3326 mana
268 3239 416 3334 Erctesta
439 3257 544 3318 matre
567 3237 851 3338 indulgentifflmu.

538 3438 666 3512 VITA
690 3437 759 3510 ET
782 3433 967 3512 MORES.

192 3632 224 3732 ξ.
249 3631 384 3706 XCVI.
411 3632 491 3708 Orti
517 3630 594 3703 sunt
619 3629 689 3704 hoc
722 3631 858 3718 seculo,
894 3646 933 3702 ut
964 3650 984 3700 a
1016 3625 1255 3713 Mammam,
1288 3649 1361 3725 pro

114 3751 116 3754 ·
141 3752 256 3818 more,
276 3726 462 3822 incipiam,
488 3727 574 3800 novi
590 3725 748 3814 ordiner,
773 3727 843 3800 srve
859 3724 1045 3814 militares,
1071 3724 1142 3797 five
1159 3720 1363 3798 mendican-

140 3850 204 3905 tes.
255 3824 430 3898 Militares
455 3821 615 3908 fuerunt,
640 3823 738 3895 causa
762 3841 800 3895 et
824 3818 1005 3894 occasione
1029 3819 1361 3916 peregrinationum

137 3923 417 4015 Hierosolymam
443 3916 614 4003 instituti,
639 3915 886 4012 Hospitalarii‚
911 3915 969 3989 seu
990 3917 1218 4011 Jolrannitae,
1246 3916 1361 3991 Tem.

129 4022 253 4118 plarii,
280 4013 495 4107 Teutonici,
531 4011 660 4089 milites
682 4012 809 4112 Jacobi
840 4013 1042 4090 Calatrauae
1068 4035 1104 4088 et
1127 4015 1361 4099 Alcantarae2

150 4169 153 4172 -
1214 4129 1362 4204 quorum
