3022 4806
95 622 101 795 t
251 597 254 601 ’
380 658 383 662 ,
637 580 743 659 Sectl.
772 584 873 683 ΧΗ.Ι
1312 615 1362 686 95

95 798 98 863 3
206 751 231 852 l
252 756 431 834 LXXXII.
461 756 610 859 Reliqua
645 754 832 834 Alexandri
855 760 929 838 aeta
954 758 1078 838 leviter
1104 763 1352 865 perstringant,

95 869 97 890 ⁵
173 872 194 922 r.
213 853 374 929 Hibernia
407 880 438 930 a.
467 879 572 950 rtyr.
599 854 773 952 subjetta,
806 857 846 927 ad
885 885 986 956 quarn
1025 865 1285 954 occupandam,
1319 892 1356 941 er

95 1010 97 1053 Ι
165 944 329 1024 Ecclestarn
354 952 409 1024 ibi
432 951 663 1042 dilatandam,
691 972 875 1045 acceperat
901 953 1076 1028 Henrieus
1102 959 1144 1029 ab
1171 961 1353 1036 Hadriano

95 1062 97 1108 1
161 1045 212 1118 lV.
249 1045 424 1156 licentiam
459 1071 489 1120 a.
520 1071 647 1139 ¹¹55·2
688 1050 880 1155 diplomate
912 1051 1016 1136 dato,
1040 1056 1158 1156 ‘quod
1194 1059 1354 1130 recenset

158 1141 274 1216 Matth.
299 1143 403 1218 Pans.
426 1167 458 1216 a.
486 1165 615 1237 1155„
639 1163 675 1215 et
699 1166 905 1215 eonomine
928 1147 1102 1232 notabrle‚
1128 1151 1220 1242 quod
1238 1157 1281 1223 oi
1291 1157 1353 1246 jus

155 1237 182 1310 S.
201 1237 292 1311 Petri
316 1235 583 1337 etsocrosondloe
608 1237 774 1331 Ecclestoe
799 1239 966 1313 Romanae
990 1241 1121 1314 adserat
1147 1246 1236 1338 Papa
1271 1269 1346 1339 pet·

150 1332 246 1407 tinere
273 1357 380 1408 ornnes
406 1336 550 1430 infidas,
574 1339 687 1432 quibus
701 1336 758 1430 sol
771 1335 919 1429 justitiae
937 1339 1079 1432 Cltrr‘stus
1096 1339 1223 1426 illuxit,
1246 1344 1349 1416 Hen-

148 1429 247 1520 ricua,
281 1430 410 1504 coarto
445 1431 601 1505 concilio
635 1457 654 1506 a
689 1451 835 1526 quatuor
865 1431 1186 1530 Archiepilcopis,
1231 1458 1266 1509 et
1303 1447 1347 1519 28

146 1525 343 1623 episcopis,
377 1545 462 1622 quot
488 1546 572 1600 tunc
600 1527 650 1600 ibi
676 1545 795 1616 erant,
826 1548 990 1623 receptus
1015 1552 1094 1602 curn
1123 1528 1209 1603 ellet
1237 1535 1350 1606 Domi·

146 1644 218 1713 ttur,
242 1644 392 1716 regnunt
411 1619 606 1696 Hiberniae
630 1621 713 1718 ipit,
740 1641 775 1694 et
803 1619 1027 1711 haeredibus,
1061 1624 1210 1718 Angliae
1238 1630 1349 1724 Regi·

147 1720 221 1807 bus,
255 1717 506 1792 confirmatum
539 1717 590 1790 est
615 1742 633 1791 a
657 1722 759 1812 Papa.
808 1719 895 1792 Vid.
921 1719 1086 1813 Rogetus
1118 1721 1347 1800 Hovedenus.

144 1835 173 1889 a.
196 1813 377 1887 Conceffit
399 1834 537 1909 quoque
564 1813 743 1908 Alphonlo
759 1814 786 1884 l.
813 1813 919 1908 Regis
934 1815 1164 1910 Portugalliae
1184 1817 1344 1908 titulum,

140 1932 233 2007 quem
251 1909 326 2005 ipse
343 1908 483 2005 quidem
502 1909 560 1981 sub
579 1909 787 1983 Innocentio
803 1911 847 1984 ll.
876 1909 937 1983 libi
955 1912 1133 1997 sumserat,
1159 1912 1216 1985 sed
1237 1915 1347 2006 l'apae

141 2005 287 2079 nondum
304 2022 538 2101 agnoverant:
557 2004 818 2077 concellttvero
834 2005 866 2076 ei
885 2007 1092 2092 Alexander,
1113 2008 1157 2077 ob
1175 2033 1229 2079 res
1248 2032 1346 2101 prae·
1407 2095 1410 2101 y

140 2102 219 2176 clare
234 2121 364 2175 contra
378 2101 566 2174 Saracenos
583 2098 712 2196 gestas:
738 2121 775 2171 ut
792 2100 899 2172 habet
915 2099 1012 2192 epist,
1033 2123 1091 2188 99.
1112 2102 1210 2176 lib.l.
1242 2107 1345 2176 inno·

141 2197 322 2271 centii111.
347 2194 432 2268 edit.
452 2196 563 2270 Baluz.
584 2196 752 2291 Diplotna
767 2197 880 2266 adhuc
897 2196 1066 2268 adservati
1086 2193 1226 2266 testatur
1244 2199 1346 2270 Baro·

144 2293 223 2366 nius.
273 2293 357 2363 Rex
376 2312 515 2388 quoque
534 2314 680 2389 regnum
698 2290 990 2364 suunrRornanae
1014 2289 1139 2363 obtulit
1168 2291 1259 2380 sedi,
1284 2295 1345 2368 lob

143 2409 249 2462 annuo
278 2387 422 2460 duarum
458 2385 531 2460 auri
566 2388 784 2460 marcharum
817 2385 930 2459 censu.
980 2409 1012 2480 3.
1037 2385 1176 2460 Notatu
1204 2388 1240 2461 in
1277 2391 1346 2482 pri·

136 2482 199 2557 ntis
229 2482 336 2579 digna
371 2478 421 2554 est
452 2482 582 2578 legatio
616 2481 662 2555 fic
688 2480 771 2554 dieti
805 2483 1016 2577 Presbyteri,
1059 2481 1134 2569 vel,
1174 2503 1212 2556 ut
1251 2487 1343 2558 Otto

142 2575 362 2674 Frifingenlis
385 2602 466 2652 eunt
500 2578 681 2672 adpellat‚.
695 2576 878 2672 sucerdotis
910 2581 1098 2672 Jolrorrnis,
1141 2579 1200 2674 qui
1236 2581 1342 2655 etiant

140 2675 352 2772 Pretejonnus
368 2673 575 2770 adpellatur,
602 2673 766 2745 ludorutn
783 2672 914 2768 Regis,
941 2675 983 2747 ad
1005 2675 1152 2768 Papam,
1179 2699 1241 2770 per
1257 2678 1338 2750 Plri-

139 2773 266 2870 lt'ppum
295 2771 410 2864 Papae
432 2770 638 2858 Medicum,
663 2769 712 2842 ibi
739 2773 1021 2864 peregrinatum,
1048 2768 1173 2840 additis
1198 2771 1340 2860 litteris,

138 2869 257 2966 quibus
281 2863 549 2940 instruetionem
577 2889 597 2938 a
623 2867 711 2960 Papa
737 2864 827 2957 petit
854 2864 889 2937 in
915 2865 984 2936 fide
1010 2882 1046 2936 et
1081 2869 1177 2937 cuuu
1212 2867 1342 2938 Roma·

139 2985 194 3038 nae
209 2962 408 3050 Ecclesiae,
437 2980 543 3056 utque
570 2962 706 3033 Romae
732 2962 854 3031 habeat
879 2957 1088 3045 Ecclesiam,
1114 2957 1171 3031 ubi
1189 2961 1272 3034 rnilli
1297 2963 1339 3033 ab

139 3059 273 3134 coniri
309 3058 463 3132 habitare
488 3076 630 3154 queant:
663 3053 833 3148 rescripsit
859 3057 948 3150 Papa
975 3075 1037 3149 per
1059 3054 1207 3128 eundem
1234 3059 1342 3128 medi-

113 3154 307 3245 atum,⁴se
337 3176 417 3228 eutn
452 3156 597 3226 mittere
632 3152 802 3243 legatum,
843 3152 902 3245 qui
936 3152 1075 3245 Regem
1107 3153 1259 3240 erudiat,
1302 3174 1341 3226 et
1427 3198 1431 3204 ·

136 3249 319 3327 Ecclefiatn
342 3249 499 3323 daturum
519 3248 600 3323 elle.
651 3243 794 3320 Exstant
818 3244 953 3318 litterae
971 3245 1059 3336 apud
1081 3245 1340 3338 Hovedennnt,

138 3370 322 3445 earumque
348 3345 533 3440 inscriptio
558 3344 648 3440 apud
682 3342 926 3436 Radulphutn,
960 3341 1179 3413 Matthaeum
1215 3345 1334 3418 Parili-

137 3444 267 3533 ensem,
293 3463 332 3516 et
358 3443 464 3531 alios,
486 3441 615 3527 habet,
640 3440 824 3514 Alexander
848 3439 941 3529 Papo
969 3433 1146 3531 clroriffinro
1171 3442 1203 3510 itt
1234 3442 1340 3529 Cirris·

139 3540 244 3637 tofilio
257 3540 452 3633 Presbytero
470 3536 639 3629 Jolronm',
664 3536 781 3622 illustri
807 3547 838 3605 et
856 3531 1029 3626 magnifico
1047 3534 1197 3605 Indorum
1223 3535 1334 3627 Regi:

136 3637 268 3712 additor
300 3632 442 3732 quidem
473 3633 562 3729 apud
599 3631 859 3716 Hovedenutn,
886 3627 1090 3724 sacerdotum
1117 3625 1336 3725 sondt'ffinro,

138 3733 189 3808 sed
211 3729 295 3808 illud
319 3731 356 3804 ei
381 3729 546 3803 insertum
570 3724 633 3802 est.
682 3722 761 3799 Effe
779 3725 843 3798 hos
870 3726 975 3796 lndor
998 3746 1090 3810 non,
1114 3727 1204 3818 quod
1232 3732 1335 3800 Baro.

137 3827 206 3905 nitra
227 3847 265 3902 et
295 3826 354 3902 alii
381 3841 566 3914 nutarunt,
593 3822 812 3918 Aethiopas,
852 3820 908 3891 vel
941 3818 1168 3912 Habyllrnos,
1202 3823 1258 3896 sed
1286 3823 1338 3896 Si·

137 3919 268 4016 nenses,
293 3947 340 3999 ex
364 3923 503 3998 Ottone
525 3917 756 4006 Frisrnaense,
782 3913 959 3991 Gulielmo
984 3915 1229 4010 Tripolitano,
1256 3920 1337 3990 Ma.

139 4019 209 4098 rino
226 4024 392 4114 ‚Sanuto,
427 4015 605 4094 Gulielmo
628 4012 797 4185 Nanffiio,
830 4032 869 4087 et
892 4010 1090 4090 Vincentio
1114 4013 1336 4177 Bellovatesn·

258 4160 261 4163 ’
608 4125 614 4135 “
772 4132 798 4202 4
1299 4131 1343 4226 ‘r
1475 4219 1477 4229 .
