3022 4806
639 120 744 196 strat.
772 120 874 195 rra:
941 103 944 107 ’
1308 141 1379 229 232³

148 303 238 378 licet
267 296 382 395 Classis
413 313 445 370 at
472 296 699 393 Apostolorum.
753 301 857 397 Cujus
891 301 1064 401 originem
1096 304 1246 381 maxime
1276 330 1375 402 prae·

146 399 259 477 batille
280 399 392 472 fertur
408 398 585 492 beguinus
610 400 770 491 quidam,
801 398 874 473 srve
897 396 1085 493 bizocbus,
1118 398 1206 497 julita
1229 402 1372 485 Natb'o·

145 494 267 569 nentia
283 489 582 605 nrcltiepil'copi,
606 516 643 565 et
669 493 839 597 Jubant'ris
861 494 1012 589 Pelvae,
1037 496 1175 589 Ordinis
1198 496 1375 595 Praedica-

145 610 292 681 torum,
322 592 361 661 ln
410 594 555 681 rsrtons,
586 610 710 685 captus
736 590 950 669 Narbonae:
990 590 1049 689 ‘qui
1073 594 1254 675 interesse
1278 594 1372 671 adse·

144 688 245 776 suit,
285 612 460 759 &ripum
485 704 524 757 et
550 685 760 779 Apostolos,
794 686 885 761 vlam
916 686 1142 784 possessionis
1164 688 1371 786 sequentes,

146 784 241 858 nihil
270 779 420 855 nauuitle
441 782 520 875 iure
541 784 787 877 proprietatis,
812 803 852 854 et
878 785 1046 870 dominii,
1073 808 1141 859 nec
1167 786 1204 857 in
1237 786 1371 881 specla-

144 881 193 971 li,
220 902 287 953 nec
320 878 358 948 in
388 879 577 951 communi.
629 878 709 975 Qua
733 877 833 974 supet
864 880 953 953 tlresr
982 902 1063 953 cum
1096 880 1287 977 lnquisrtot
1314 878 1370 953 vi·

145 1000 209 1050 ros
234 976 370 1049 Dauos
392 972 632 1062 consuluisset,
673 972 901 1071 berengarius
932 976 1084 1067 Taloni,
1116 998 1161 1049 ex
1185 976 1370 1069 Minoritis

145 1074 381 1164 Theologus,
412 1092 489 1140 earn
514 1070 703 1142 declararit
729 1074 984 1163 orthodoxam,
1023 1088 1058 1143 et
1082 1086 1102 1144 a
1125 1072 1276 1147 Nicolao
1302 1074 1366 1151 111.

143 1171 239 1265 Papa
267 1160 338 1263 jani
366 1164 587 1237 definttants·
606 1167 663 1238 lle
690 1165 733 1238 ad
769 1168 890 1261 Papam
918 1168 1112 1264 Johannem
1139 1168 1254 1245 XXll.
1281 1169 1367 1247 dein

145 1270 283 1353 delata,
314 1265 344 1333 is
368 1261 462 1332 inter
485 1260 571 1332 alsus
599 1262 635 1334 in
661 1260 840 1335 confilium
875 1264 1033 1338 adhibuit
1084 1262 1296 1337 Uber'tiuum
1319 1268 1365 1347 de

143 1360 292 1447 Casalit,
333 1356 378 1427 de
403 1356 574 1428 Minorita
598 1356 729 1433 fastum
762 1358 1026 1434 Benedislinum
1051 1382 1115 1455 per
1140 1358 1366 1455 dispensatio·

142 1480 226 1531 nern
254 1455 437 1547 Papalem,
461 1452 521 1546 qui
545 1474 574 1523 a.
599 1476 727 1549 tgna,
752 1456 923 1529 nonnullis
941 1453 1109 1529 adhibitis
1128 1454 1365 1529 distinslioni·

142 1559 231 1637 bus,
257 1548 443 1641 explicuit,
468 1570 533 1643 qua
559 1551 693 1620 ratione
716 1572 821 1641 vera,
848 1572 885 1622 et
911 1574 977 1645 qua
994 1548 1094 1639 falsa,
1121 1551 1159 1623 fit
1182 1552 1361 1627 habenda:

140 1662 242 1747 quod
265 1645 462 1739 responsum
494 1641 603 1715 edidit
630 1644 798 1717 Baluzius'
821 1644 843 1714 l.
868 1646 928 1717 cit.
974 1651 1175 1740 ¹slntequam
1210 1666 1298 1719 vero
1320 1647 1363 1721 112

143 1741 217 1821 tent
244 1742 424 1813 dirimeret
456 1740 564 1833 Papa,
608 1741 665 1811 cui
692 1739 890 1833 responsum
923 1740 1076 1835 placuit,
1112 1740 1273 1825 Minores
1297 1764 1361 1837 geq

142 1838 296 1919 straten
324 1836 467 1919 Ordinis
497 1834 712 1908 conventum
747 1830 965 1925 celebrarunt
999 1834 1149 1920 Perusri,
1187 1834 1362 1933 missisque

168 1930 416 2031 naquav'ersum
448 1927 573 2002 litteris
597 1932 789 2027 encyclicis
813 1932 1048 2021 declararunt,
1073 1932 1107 2006 se
1133 1930 1275 2007 Nicolai
1291 1934 1360 2013 ill.
1467 1994 1470 1999 .

139 1964 311 2112 decisioni
344 2024 517 2111 insistere,
558 2026 738 2123 thesrnque
774 2026 865 2099 illam
897 2050 964 2124 pro
999 2024 1057 2100 sua
1090 2046 1128 2101 et
1161 2028 1360 2107 orthodoxa

139 2133 355 2213 admittere,
386 2120 577 2209 contraria,
611 2142 769 2218 tanquam
798 2122 993 2211 haeretica,
1025 2122 1168 2217 rejecta.
1219 2124 1360 2220 Quibus

139 2222 270 2304 litteris
287 2218 477 2311 subscripsit
496 2216 656 2290 Michael
675 2218 841 2310 cesenas,
874 2216 1030 2293 minister
1051 2220 1256 2309 Generalis,¹
1275 2243 1358 2295 carn

139 2325 219 2401 aliis
241 2317 501 2415 provinciarum
527 2313 702 2389 ministris.
752 2310 829 2411 Qua
849 2314 1099 2393 Minoritarum
1126 2316 1359 2409 praesumtio·

140 2444 207 2509 ne,
242 2414 302 2511 qui
327 2430 408 2485 ante
427 2410 588 2505 'Papalem
620 2407 869 2483 definitionem·
899 2410 967 2481 tale
991 2409 1073 2507 qui'd
1099 2407 1240 2481 fuerunt
1262 2409 1356 2503 aust,

139 2515 366 2592 exacerbatus
389 2507 585 2603 Juhannes,
606 2506 700 2579 edita
716 2502 992 2593 constitutione,
1019 2507 1064 2579 ad
1077 2506 1270 2593 conditorem
1290 2508 1355 2581 Ca·

138 2636 276 2695 nonam,
308 2602 515 2691 declaravit,
541 2600 686 2676 Nicolai
711 2600 917 2673 decretalem
948 2602 1030 2673 arist
1054 2622 1124 2673 non
1148 2596 1219 2679 elle
1244 2600 1355 2675 intel·

135 2704 312 2806 ligendam
337 2702 382 2774 de
409 2700 530 2786 rebus,
565 2718 652 2793 quae
678 2696 738 2769 usu
772 2697 1038 2786 consumuntur,
1071 2718 1213 2792 quarum
1238 2721 1355 2775 rerunt

138 2808 236 2881 usum
263 2819 335 2872 non
362 2815 517 2882 tanturn,
541 2794 598 2866 sed
626 2810 662 2863 et
685 2791 901 2885 dominium,
927 2810 1026 2864 antea
1048 2788 1121 2867 sedi
1143 2793 1352 2875 Pontificiae

139 2896 405 2990 transcriptum,
431 2889 585 2962 reddidit
608 2886 1017 2987 Minoritis,praetetea
1039 2904 1104 2985 per
1131 2880 1352 2971 definitivam

138 2994 367 3072 sententiam.
405 2985 524 3059 emilia
556 2982 829 3075 constitutione,
873 3006 943 3059 cum
977 2987 1073 3069 inter,
1092 2974 1275 3077 nonnulsss,
1318 3010 1352 3077 a,

143 3112 251 3189 1323.
278 3078 573 3183 proposttionem,
600 3078 745 3179 Christus
769 3094 801 3155 et
825 3072 1024 3175 Amadasse
1040 3076 1184 3247 specins
1207 3086 1267 3155 na'n
1292 3082 1352 3156 lta·

137 3196 280 3265 sacrant
304 3178 443 3275 aliquis,
469 3200 526 3252 nec
547 3179 582 3249 in
597 3168 941 3273 conmani,.ejusque
955 3171 1057 3249 desen
1074 3198 1212 3263 ronam,
1237 3182 1349 3254 decla·

137 3287 231 3361 ravit
269 3296 448 3349 erroneam
480 3294 515 3347 et
548 3275 771 3357 haereticam.
820 3271 919 3372 Quae
946 3270 1108 3346 delinitio
1140 3274 1241 3348 valde
1269 3272 1349 3349 irri-

137 3380 230 3458 tavit
264 3370 474 3459 minoritas,
517 3369 745 3465 ingentesque
777 3390 894 3443 motus
928 3386 966 3441 et
993 3371 1107 3467 turbas
1140 3370 1349 3445 concitavit.

138 3473 295 3553 Michael
320 3469 486 3551 cesenas,
517 3468 614 3561 cujus
638 3464 824 3539 declaratio
846 3461 954 3539 exstat
976 3464 1012 3538 in
1040 3465 1166 3543 Annal.
1193 3466 1362 3543 cesenat„

138 3570 235 3672 apud
250 3562 486 3647 Muranum
505 3564 632 3662 Script.
648 3562 825 3733 ltalctom.
844 3554 947 3638 ΚΝ.
957 3560 1183 3656 sociamus,
1198 3559 1350 3734 aliiqpes,

255 3672 260 3681 '
749 3678 846 3731 cell
1302 3674 1360 3733 ee
