<?xml version="1.0" encoding="UTF-8"?>
<!DOCTYPE html PUBLIC "-//W3C//DTD XHTML 1.0 Transitional//EN"
    "http://www.w3.org/TR/xhtml1/DTD/xhtml1-transitional.dtd">
<html xmlns="http://www.w3.org/1999/xhtml" xml:lang="en" lang="en">
 <head>
  <title>
</title>
<meta http-equiv="Content-Type" content="text/html;charset=utf-8" />
  <meta name='ocr-system' content='tesseract 3.04.00' />
  <meta name='ocr-capabilities' content='ocr_page ocr_carea ocr_par ocr_line ocrx_word'/>
</head>
<body>
  <div class='ocr_page' id='page_1' title='image "./hermannivenemai00venegoog_0077.png"; bbox 0 0 3022 4806; ppageno 0'>
   <div class='ocr_carea' id='block_1_1' title="bbox 150 605 988 714">
    <p class='ocr_par' dir='ltr' id='par_1_1' title="bbox 150 605 988 732">
     <span class='ocr_line' id='line_1_1' title="bbox 150 605 988 714; baseline 0.004 -26"><span class='ocrx_word' id='word_1_1' title='bbox 150 619 204 708; x_wconf 67' lang='grc'>66</span> <span class='ocrx_word' id='word_1_2' title='bbox 541 608 692 714; x_wconf 67' lang='lat' dir='ltr'>Historia</span> <span class='ocrx_word' id='word_1_3' title='bbox 716 605 846 714; x_wconf 74' lang='lat' dir='ltr'>Ettlrs.</span> <span class='ocrx_word' id='word_1_4' title='bbox 868 608 988 712; x_wconf 63' lang='lat' dir='ltr'>&#39;diariis0</span> 
     </span>
    </p>
   </div>
   <div class='ocr_carea' id='block_1_2' title="bbox 56 789 1404 4160">
    <p class='ocr_par' dir='ltr' id='par_1_2' title="bbox 56 789 1404 4160">
     <span class='ocr_line' id='line_1_2' title="bbox 166 789 1388 893; baseline -0.005 -16"><span class='ocrx_word' id='word_1_5' title='bbox 166 793 303 878; x_wconf 84' lang='lat' dir='ltr'>constat</span> <span class='ocrx_word' id='word_1_6' title='bbox 324 815 369 870; x_wconf 81' lang='lat' dir='ltr'>ex</span> <span class='ocrx_word' id='word_1_7' title='bbox 390 793 558 871; x_wconf 80' lang='lat' dir='ltr'>simeone</span> <span class='ocrx_word' id='word_1_8' title='bbox 592 794 820 870; x_wconf 83' lang='lat' dir='ltr'>Dunelmensr</span> <span class='ocrx_word' id='word_1_9' title='bbox 852 798 886 871; x_wconf 90' lang='lat' dir='ltr'>in</span> <span class='ocrx_word' id='word_1_10' title='bbox 920 791 1000 868; x_wconf 87' lang='lat' dir='ltr'>hist.</span> <span class='ocrx_word' id='word_1_11' title='bbox 1034 789 1213 891; x_wconf 80' lang='lat' dir='ltr'>gestorum</span> <span class='ocrx_word' id='word_1_12' title='bbox 1247 792 1388 893; x_wconf 82' lang='lat' dir='ltr'>Regum</span> 
     </span>
     <span class='ocr_line' id='line_1_3' title="bbox 56 891 1389 992; baseline -0.002 -19"><span class='ocrx_word' id='word_1_13' title='bbox 56 898 58 903; x_wconf 76' lang='grc'>’</span> <span class='ocrx_word' id='word_1_14' title='bbox 169 896 387 992; x_wconf 78' lang='lat' dir='ltr'>Anglorum,</span> <span class='ocrx_word' id='word_1_15' title='bbox 412 896 560 967; x_wconf 86' lang='lat' dir='ltr'>Falcone</span> <span class='ocrx_word' id='word_1_16' title='bbox 584 893 836 966; x_wconf 88' lang='lat' dir='ltr'>Beneventano</span> <span class='ocrx_word' id='word_1_17' title='bbox 861 893 898 967; x_wconf 93' lang='lat' dir='ltr'>in</span> <span class='ocrx_word' id='word_1_18' title='bbox 922 893 1127 980; x_wconf 76' lang='lat' dir='ltr'>Chronico,</span> <span class='ocrx_word' id='word_1_19' title='bbox 1152 891 1315 987; x_wconf 89' lang='lat' dir='ltr'>aliisque:</span> <span class='ocrx_word' id='word_1_20' title='bbox 1342 917 1389 970; x_wconf 81' lang='lat' dir='ltr'>ex</span> 
     </span>
     <span class='ocr_line' id='line_1_4' title="bbox 167 986 1390 1091; baseline -0.002 -27"><span class='ocrx_word' id='word_1_21' title='bbox 167 994 295 1091; x_wconf 84' lang='lat' dir='ltr'>quibus</span> <span class='ocrx_word' id='word_1_22' title='bbox 320 986 450 1080; x_wconf 91' lang='lat' dir='ltr'>etiam,</span> <span class='ocrx_word' id='word_1_23' title='bbox 476 1007 517 1061; x_wconf 91' lang='lat' dir='ltr'>ut</span> <span class='ocrx_word' id='word_1_24' title='bbox 543 1006 582 1060; x_wconf 90' lang='lat' dir='ltr'>et</span> <span class='ocrx_word' id='word_1_25' title='bbox 606 1010 651 1062; x_wconf 81' lang='lat' dir='ltr'>ex</span> <span class='ocrx_word' id='word_1_26' title='bbox 676 991 824 1083; x_wconf 85' lang='lat' dir='ltr'>Sugerio</span> <span class='ocrx_word' id='word_1_27' title='bbox 847 991 884 1065; x_wconf 87' lang='lat' dir='ltr'>in</span> <span class='ocrx_word' id='word_1_28' title='bbox 923 988 999 1061; x_wconf 83' lang='lat' dir='ltr'>vita</span> <span class='ocrx_word' id='word_1_29' title='bbox 1030 989 1231 1077; x_wconf 86' lang='lat' dir='ltr'>Ludovlci,</span> <span class='ocrx_word' id='word_1_30' title='bbox 1266 1011 1390 1084; x_wconf 86' lang='lat' dir='ltr'>patet,</span> 
     </span>
     <span class='ocr_line' id='line_1_5' title="bbox 168 1083 1390 1180; baseline -0.003 -18"><span class='ocrx_word' id='word_1_31' title='bbox 168 1103 329 1164; x_wconf 81' lang='lat' dir='ltr'>trecentos</span> <span class='ocrx_word' id='word_1_32' title='bbox 363 1104 402 1157; x_wconf 91' lang='lat' dir='ltr'>et</span> <span class='ocrx_word' id='word_1_33' title='bbox 432 1086 580 1179; x_wconf 84' lang='lat' dir='ltr'>amplius</span> <span class='ocrx_word' id='word_1_34' title='bbox 618 1083 815 1160; x_wconf 82' lang='lat' dir='ltr'>interfuisse</span> <span class='ocrx_word' id='word_1_35' title='bbox 849 1085 1056 1180; x_wconf 85' lang='lat' dir='ltr'>Episcopus.</span> <span class='ocrx_word' id='word_1_36' title='bbox 1104 1085 1249 1157; x_wconf 87' lang='lat' dir='ltr'>Conditi</span> <span class='ocrx_word' id='word_1_37' title='bbox 1287 1086 1390 1179; x_wconf 88' lang='lat' dir='ltr'>suut,</span> 
     </span>
     <span class='ocr_line' id='line_1_6' title="bbox 165 1177 1391 1284; baseline -0.001 -25"><span class='ocrx_word' id='word_1_38' title='bbox 165 1203 307 1284; x_wconf 82' lang='lat' dir='ltr'>praeter</span> <span class='ocrx_word' id='word_1_39' title='bbox 323 1180 415 1278; x_wconf 63' lang='lat' dir='ltr'>pasti</span> <span class='ocrx_word' id='word_1_40' title='bbox 435 1181 529 1254; x_wconf 87' lang='lat' dir='ltr'>iuter</span> <span class='ocrx_word' id='word_1_41' title='bbox 543 1180 740 1254; x_wconf 83' lang='lat' dir='ltr'>Heusicum</span> <span class='ocrx_word' id='word_1_42' title='bbox 757 1201 793 1254; x_wconf 87' lang='lat' dir='ltr'>et</span> <span class='ocrx_word' id='word_1_43' title='bbox 805 1183 932 1277; x_wconf 81' lang='lat' dir='ltr'>Papam</span> <span class='ocrx_word' id='word_1_44' title='bbox 947 1177 1270 1276; x_wconf 76' lang='lat' dir='ltr'>eonfitmationem,</span> <span class='ocrx_word' id='word_1_45' title='bbox 1300 1205 1391 1258; x_wconf 76' lang='lat' dir='ltr'>nota·</span> 
     </span>
     <span class='ocr_line' id='line_1_7' title="bbox 166 1273 1390 1372; baseline -0.002 -15"><span class='ocrx_word' id='word_1_46' title='bbox 166 1281 253 1358; x_wconf 88' lang='lat' dir='ltr'>nulli</span> <span class='ocrx_word' id='word_1_47' title='bbox 279 1299 452 1366; x_wconf 85' lang='lat' dir='ltr'>canones,</span> <span class='ocrx_word' id='word_1_48' title='bbox 476 1275 678 1372; x_wconf 85' lang='lat' dir='ltr'>disciplinae</span> <span class='ocrx_word' id='word_1_49' title='bbox 702 1277 979 1365; x_wconf 81' lang='lat' dir='ltr'>Ecclestallicae,</span> <span class='ocrx_word' id='word_1_50' title='bbox 1004 1296 1041 1348; x_wconf 89' lang='lat' dir='ltr'>et</span> <span class='ocrx_word' id='word_1_51' title='bbox 1064 1273 1310 1369; x_wconf 81' lang='lat' dir='ltr'>Expeditionis</span> <span class='ocrx_word' id='word_1_52' title='bbox 1329 1283 1390 1354; x_wconf 85' lang='lat' dir='ltr'>Sa·</span> 
     </span>
     <span class='ocr_line' id='line_1_8' title="bbox 164 1371 1391 1470; baseline 0 -18"><span class='ocrx_word' id='word_1_53' title='bbox 164 1398 245 1452; x_wconf 82' lang='lat' dir='ltr'>erae</span> <span class='ocrx_word' id='word_1_54' title='bbox 296 1371 552 1461; x_wconf 79' lang='lat' dir='ltr'>removendae,</span> <span class='ocrx_word' id='word_1_55' title='bbox 578 1395 675 1470; x_wconf 85' lang='lat' dir='ltr'>ergo.</span> <span class='ocrx_word' id='word_1_56' title='bbox 727 1376 824 1447; x_wconf 88' lang='lat' dir='ltr'>lnter</span> <span class='ocrx_word' id='word_1_57' title='bbox 850 1397 937 1470; x_wconf 90' lang='lat' dir='ltr'>quos</span> <span class='ocrx_word' id='word_1_58' title='bbox 968 1372 1067 1457; x_wconf 91' lang='lat' dir='ltr'>sunt,</span> <span class='ocrx_word' id='word_1_59' title='bbox 1101 1371 1160 1466; x_wconf 92' lang='lat' dir='ltr'>qui</span> <span class='ocrx_word' id='word_1_60' title='bbox 1189 1375 1391 1452; x_wconf 85' lang='lat' dir='ltr'>Simunram</span> 
     </span>
     <span class='ocr_line' id='line_1_9' title="bbox 164 1397 1391 1569; baseline 0.003 -24"><span class='ocrx_word' id='word_1_61' title='bbox 164 1397 377 1569; x_wconf 65' lang='lat' dir='ltr'>prouidens,</span> <span class='ocrx_word' id='word_1_62' title='bbox 402 1471 541 1565; x_wconf 83' lang='lat' dir='ltr'>nuptias</span> <span class='ocrx_word' id='word_1_63' title='bbox 558 1469 790 1558; x_wconf 80' lang='lat' dir='ltr'>clericorum,</span> <span class='ocrx_word' id='word_1_64' title='bbox 818 1468 1061 1567; x_wconf 83' lang='lat' dir='ltr'>pollessrouum</span> <span class='ocrx_word' id='word_1_65' title='bbox 1080 1490 1218 1565; x_wconf 89' lang='lat' dir='ltr'>quoque</span> <span class='ocrx_word' id='word_1_66' title='bbox 1235 1470 1391 1549; x_wconf 72' lang='lat' dir='ltr'>necteu-</span> 
     </span>
     <span class='ocr_line' id='line_1_10' title="bbox 163 1563 1389 1673; baseline 0.001 -31"><span class='ocrx_word' id='word_1_67' title='bbox 163 1564 339 1642; x_wconf 79' lang='lat' dir='ltr'>astlcarum</span> <span class='ocrx_word' id='word_1_68' title='bbox 363 1563 680 1663; x_wconf 79' lang='lat' dir='ltr'>dispensationem,</span> <span class='ocrx_word' id='word_1_69' title='bbox 708 1565 997 1640; x_wconf 69' lang='lat' dir='ltr'>audouarionem</span> <span class='ocrx_word' id='word_1_70' title='bbox 1022 1564 1184 1653; x_wconf 80' lang='lat' dir='ltr'>Laicam,</span> <span class='ocrx_word' id='word_1_71' title='bbox 1209 1585 1247 1638; x_wconf 91' lang='lat' dir='ltr'>et</span> <span class='ocrx_word' id='word_1_72' title='bbox 1265 1574 1389 1673; x_wconf 56' lang='lat' dir='ltr'>tonse:</span> 
     </span>
     <span class='ocr_line' id='line_1_11' title="bbox 164 1658 1387 1759; baseline 0.003 -21"><span class='ocrx_word' id='word_1_73' title='bbox 164 1659 388 1738; x_wconf 79' lang='lat' dir='ltr'>crationesa</span> <span class='ocrx_word' id='word_1_74' title='bbox 422 1658 602 1758; x_wconf 85' lang='lat' dir='ltr'>Gregorio</span> <span class='ocrx_word' id='word_1_75' title='bbox 633 1663 812 1759; x_wconf 81' lang='lat' dir='ltr'>Antipapa</span> <span class='ocrx_word' id='word_1_76' title='bbox 842 1661 951 1735; x_wconf 69' lang='lat' dir='ltr'>fassas</span> <span class='ocrx_word' id='word_1_77' title='bbox 982 1660 1160 1733; x_wconf 88' lang='lat' dir='ltr'>damnant.</span> <span class='ocrx_word' id='word_1_78' title='bbox 1209 1662 1387 1743; x_wconf 84' lang='lat' dir='ltr'>Decretae</span> 
     </span>
     <span class='ocr_line' id='line_1_12' title="bbox 165 1753 1386 1852; baseline 0.004 -20"><span class='ocrx_word' id='word_1_79' title='bbox 165 1753 321 1852; x_wconf 90' lang='lat' dir='ltr'>denique</span> <span class='ocrx_word' id='word_1_80' title='bbox 353 1754 431 1830; x_wconf 90' lang='lat' dir='ltr'>sunt</span> <span class='ocrx_word' id='word_1_81' title='bbox 455 1753 710 1851; x_wconf 74' lang='lat' dir='ltr'>Expeditiones</span> <span class='ocrx_word' id='word_1_82' title='bbox 741 1759 883 1845; x_wconf 80' lang='lat' dir='ltr'>Sacrae,</span> <span class='ocrx_word' id='word_1_83' title='bbox 916 1774 953 1828; x_wconf 90' lang='lat' dir='ltr'>et</span> <span class='ocrx_word' id='word_1_84' title='bbox 982 1755 1020 1828; x_wconf 91' lang='lat' dir='ltr'>in</span> <span class='ocrx_word' id='word_1_85' title='bbox 1046 1756 1233 1829; x_wconf 84' lang='lat' dir='ltr'>Orientem</span> <span class='ocrx_word' id='word_1_86' title='bbox 1258 1779 1386 1839; x_wconf 79' lang='lat' dir='ltr'>contra</span> 
     </span>
     <span class='ocr_line' id='line_1_13' title="bbox 160 1849 1386 1954; baseline 0 -27"><span class='ocrx_word' id='word_1_87' title='bbox 160 1852 319 1943; x_wconf 61' lang='lat' dir='ltr'>suren,</span> <span class='ocrx_word' id='word_1_88' title='bbox 344 1869 380 1926; x_wconf 86' lang='lat' dir='ltr'>et</span> <span class='ocrx_word' id='word_1_89' title='bbox 405 1852 440 1925; x_wconf 89' lang='lat' dir='ltr'>in</span> <span class='ocrx_word' id='word_1_90' title='bbox 466 1849 670 1947; x_wconf 77' lang='lat' dir='ltr'>Hispaniam</span> <span class='ocrx_word' id='word_1_91' title='bbox 694 1869 815 1926; x_wconf 84' lang='lat' dir='ltr'>contra</span> <span class='ocrx_word' id='word_1_92' title='bbox 839 1855 1046 1940; x_wconf 83' lang='lat' dir='ltr'>Saracenos,</span> <span class='ocrx_word' id='word_1_93' title='bbox 1068 1851 1238 1926; x_wconf 78' lang='lat' dir='ltr'>Ecclesiae</span> <span class='ocrx_word' id='word_1_94' title='bbox 1258 1854 1386 1954; x_wconf 84' lang='lat' dir='ltr'>Hispa·</span> 
     </span>
     <span class='ocr_line' id='line_1_14' title="bbox 160 1945 1388 2045; baseline 0.002 -20"><span class='ocrx_word' id='word_1_95' title='bbox 160 1948 239 2026; x_wconf 84' lang='lat' dir='ltr'>niae</span> <span class='ocrx_word' id='word_1_96' title='bbox 263 1950 520 2043; x_wconf 86' lang='lat' dir='ltr'>opprimentes,</span> <span class='ocrx_word' id='word_1_97' title='bbox 552 1945 705 2042; x_wconf 87' lang='lat' dir='ltr'>plenaria</span> <span class='ocrx_word' id='word_1_98' title='bbox 726 1965 948 2044; x_wconf 88' lang='lat' dir='ltr'>peccatorum</span> <span class='ocrx_word' id='word_1_99' title='bbox 975 1945 1138 2043; x_wconf 83' lang='lat' dir='ltr'>promissa</span> <span class='ocrx_word' id='word_1_100' title='bbox 1168 1951 1388 2045; x_wconf 81' lang='lat' dir='ltr'>remlffione3</span> 
     </span>
     <span class='ocr_line' id='line_1_15' title="bbox 160 2040 1382 2144; baseline 0.004 -24"><span class='ocrx_word' id='word_1_101' title='bbox 160 2044 234 2120; x_wconf 88' lang='lat' dir='ltr'>imo</span> <span class='ocrx_word' id='word_1_102' title='bbox 257 2043 317 2117; x_wconf 90' lang='lat' dir='ltr'>sub</span> <span class='ocrx_word' id='word_1_103' title='bbox 344 2040 710 2118; x_wconf 75' lang='lat' dir='ltr'>excommunicationis</span> <span class='ocrx_word' id='word_1_104' title='bbox 732 2065 842 2140; x_wconf 83' lang='lat' dir='ltr'>poena</span> <span class='ocrx_word' id='word_1_105' title='bbox 866 2066 928 2119; x_wconf 87' lang='lat' dir='ltr'>eae</span> <span class='ocrx_word' id='word_1_106' title='bbox 952 2042 1095 2118; x_wconf 87' lang='lat' dir='ltr'>fuerunt</span> <span class='ocrx_word' id='word_1_107' title='bbox 1119 2044 1297 2140; x_wconf 71' lang='lat' dir='ltr'>injunuae</span> <span class='ocrx_word' id='word_1_108' title='bbox 1313 2051 1382 2144; x_wconf 89' lang='lat' dir='ltr'>iis,</span> 
     </span>
     <span class='ocr_line' id='line_1_16' title="bbox 162 2137 1382 2241; baseline 0.006 -25"><span class='ocrx_word' id='word_1_109' title='bbox 162 2139 225 2240; x_wconf 90' lang='lat' dir='ltr'>qui</span> <span class='ocrx_word' id='word_1_110' title='bbox 249 2161 306 2213; x_wconf 85' lang='lat' dir='ltr'>eas</span> <span class='ocrx_word' id='word_1_111' title='bbox 331 2137 505 2241; x_wconf 88' lang='lat' dir='ltr'>susceptas</span> <span class='ocrx_word' id='word_1_112' title='bbox 534 2138 756 2233; x_wconf 87' lang='lat' dir='ltr'>dimiserant,</span> <span class='ocrx_word' id='word_1_113' title='bbox 787 2139 877 2214; x_wconf 88' lang='lat' dir='ltr'>adeo</span> <span class='ocrx_word' id='word_1_114' title='bbox 911 2156 950 2213; x_wconf 91' lang='lat' dir='ltr'>ut</span> <span class='ocrx_word' id='word_1_115' title='bbox 984 2139 1231 2235; x_wconf 85' lang='lat' dir='ltr'>poenitentiae</span> <span class='ocrx_word' id='word_1_116' title='bbox 1262 2146 1382 2223; x_wconf 86' lang='lat' dir='ltr'>locum</span> 
     </span>
     <span class='ocr_line' id='line_1_17' title="bbox 157 2234 1382 2334; baseline 0.005 -20"><span class='ocrx_word' id='word_1_117' title='bbox 157 2237 419 2334; x_wconf 82' lang='lat' dir='ltr'>suppleverint,</span> <span class='ocrx_word' id='word_1_118' title='bbox 453 2238 494 2313; x_wconf 86' lang='lat' dir='ltr'>ad</span> <span class='ocrx_word' id='word_1_119' title='bbox 520 2259 603 2333; x_wconf 86' lang='lat' dir='ltr'>quas</span> <span class='ocrx_word' id='word_1_120' title='bbox 623 2257 733 2332; x_wconf 87' lang='lat' dir='ltr'>aeque</span> <span class='ocrx_word' id='word_1_121' title='bbox 757 2260 798 2311; x_wconf 85' lang='lat' dir='ltr'>ac</span> <span class='ocrx_word' id='word_1_122' title='bbox 831 2235 873 2311; x_wconf 86' lang='lat' dir='ltr'>ad</span> <span class='ocrx_word' id='word_1_123' title='bbox 905 2234 1158 2332; x_wconf 86' lang='lat' dir='ltr'>poenitentiam</span> <span class='ocrx_word' id='word_1_124' title='bbox 1192 2236 1382 2320; x_wconf 82' lang='lat' dir='ltr'>criminum</span> 
     </span>
     <span class='ocr_line' id='line_1_18' title="bbox 159 2330 1382 2428; baseline 0.006 -21"><span class='ocrx_word' id='word_1_125' title='bbox 159 2335 215 2408; x_wconf 87' lang='lat' dir='ltr'>rei</span> <span class='ocrx_word' id='word_1_126' title='bbox 244 2333 327 2424; x_wconf 80' lang='lat' dir='ltr'>cogi</span> <span class='ocrx_word' id='word_1_127' title='bbox 353 2353 568 2428; x_wconf 87' lang='lat' dir='ltr'>potuerunt,</span> <span class='ocrx_word' id='word_1_128' title='bbox 602 2351 640 2402; x_wconf 93' lang='lat' dir='ltr'>ut</span> <span class='ocrx_word' id='word_1_129' title='bbox 665 2333 771 2404; x_wconf 85' lang='lat' dir='ltr'>habet</span> <span class='ocrx_word' id='word_1_130' title='bbox 795 2333 915 2404; x_wconf 88' lang='lat' dir='ltr'>Petrus</span> <span class='ocrx_word' id='word_1_131' title='bbox 938 2331 1118 2403; x_wconf 87' lang='lat' dir='ltr'>Diaconus</span> <span class='ocrx_word' id='word_1_132' title='bbox 1141 2330 1176 2403; x_wconf 89' lang='lat' dir='ltr'>in</span> <span class='ocrx_word' id='word_1_133' title='bbox 1202 2335 1382 2414; x_wconf 85' lang='lat' dir='ltr'>Chronico</span> 
     </span>
     <span class='ocr_line' id='line_1_19' title="bbox 159 2423 1380 2521; baseline -0.002 -20"><span class='ocrx_word' id='word_1_134' title='bbox 159 2425 345 2501; x_wconf 84' lang='lat' dir='ltr'>eaffinenfi</span> <span class='ocrx_word' id='word_1_135' title='bbox 370 2427 391 2498; x_wconf 90' lang='lat' dir='ltr'>l.</span> <span class='ocrx_word' id='word_1_136' title='bbox 418 2427 487 2499; x_wconf 89' lang='lat' dir='ltr'>IV.</span> <span class='ocrx_word' id='word_1_137' title='bbox 511 2447 542 2498; x_wconf 90' lang='lat' dir='ltr'>c.</span> <span class='ocrx_word' id='word_1_138' title='bbox 575 2445 652 2514; x_wconf 70' lang='grc' dir='ltr'>ιι,</span> <span class='ocrx_word' id='word_1_139' title='bbox 677 2423 735 2498; x_wconf 92' lang='lat' dir='ltr'>ubi</span> <span class='ocrx_word' id='word_1_140' title='bbox 766 2425 864 2499; x_wconf 88' lang='lat' dir='ltr'>hunc</span> <span class='ocrx_word' id='word_1_141' title='bbox 892 2426 1160 2521; x_wconf 83' lang='lat' dir='ltr'>expeditionum</span> <span class='ocrx_word' id='word_1_142' title='bbox 1183 2427 1292 2504; x_wconf 90' lang='lat' dir='ltr'>finem</span> <span class='ocrx_word' id='word_1_143' title='bbox 1316 2457 1380 2508; x_wconf 85' lang='lat' dir='ltr'>ex.</span> 
     </span>
     <span class='ocr_line' id='line_1_20' title="bbox 156 2519 1377 2623; baseline 0.007 -29"><span class='ocrx_word' id='word_1_144' title='bbox 156 2521 269 2621; x_wconf 91' lang='lat' dir='ltr'>ponit.</span> <span class='ocrx_word' id='word_1_145' title='bbox 319 2519 481 2595; x_wconf 89' lang='lat' dir='ltr'>Tandem</span> <span class='ocrx_word' id='word_1_146' title='bbox 519 2519 742 2594; x_wconf 85' lang='lat' dir='ltr'>anathemate</span> <span class='ocrx_word' id='word_1_147' title='bbox 781 2523 1037 2618; x_wconf 88' lang='lat' dir='ltr'>percelluntur,</span> <span class='ocrx_word' id='word_1_148' title='bbox 1060 2522 1118 2618; x_wconf 90' lang='lat' dir='ltr'>qui</span> <span class='ocrx_word' id='word_1_149' title='bbox 1141 2525 1253 2598; x_wconf 86' lang='lat' dir='ltr'>sacros</span> <span class='ocrx_word' id='word_1_150' title='bbox 1276 2553 1377 2623; x_wconf 88' lang='lat' dir='ltr'>pere·</span> 
     </span>
     <span class='ocr_line' id='line_1_21' title="bbox 184 2613 1377 2707; baseline 0 -19"><span class='ocrx_word' id='word_1_151' title='bbox 184 2618 376 2705; x_wconf 81' lang='lat' dir='ltr'>rimatores,</span> <span class='ocrx_word' id='word_1_152' title='bbox 410 2614 482 2688; x_wconf 77' lang='lat' dir='ltr'>slve</span> <span class='ocrx_word' id='word_1_153' title='bbox 514 2613 685 2706; x_wconf 89' lang='lat' dir='ltr'>Romam,</span> <span class='ocrx_word' id='word_1_154' title='bbox 718 2617 787 2693; x_wconf 81' lang='lat' dir='ltr'>ssve</span> <span class='ocrx_word' id='word_1_155' title='bbox 809 2619 850 2692; x_wconf 88' lang='lat' dir='ltr'>ad</span> <span class='ocrx_word' id='word_1_156' title='bbox 875 2619 934 2692; x_wconf 85' lang='lat' dir='ltr'>alia</span> <span class='ocrx_word' id='word_1_157' title='bbox 959 2619 1057 2707; x_wconf 90' lang='lat' dir='ltr'>loca,</span> <span class='ocrx_word' id='word_1_158' title='bbox 1082 2617 1276 2694; x_wconf 74' lang='lat' dir='ltr'>adiecerint</span> <span class='ocrx_word' id='word_1_159' title='bbox 1299 2649 1377 2699; x_wconf 86' lang='lat' dir='ltr'>mc.</span> 
     </span>
     <span class='ocr_line' id='line_1_22' title="bbox 147 2643 1377 2811; baseline 0.007 -23"><span class='ocrx_word' id='word_1_160' title='bbox 147 2643 265 2789; x_wconf 59' lang='lat' dir='ltr'>distin</span> <span class='ocrx_word' id='word_1_161' title='bbox 318 2712 483 2785; x_wconf 90' lang='lat' dir='ltr'>Ceterum</span> <span class='ocrx_word' id='word_1_162' title='bbox 519 2709 601 2785; x_wconf 85' lang='lat' dir='ltr'>huic</span> <span class='ocrx_word' id='word_1_163' title='bbox 634 2715 747 2809; x_wconf 84' lang='lat' dir='ltr'>Papae</span> <span class='ocrx_word' id='word_1_164' title='bbox 773 2733 921 2811; x_wconf 85' lang='lat' dir='ltr'>quatuor</span> <span class='ocrx_word' id='word_1_165' title='bbox 944 2712 1128 2787; x_wconf 80' lang='lat' dir='ltr'>sermones·</span> <span class='ocrx_word' id='word_1_166' title='bbox 1144 2716 1179 2787; x_wconf 89' lang='lat' dir='ltr'>in</span> <span class='ocrx_word' id='word_1_167' title='bbox 1207 2717 1377 2808; x_wconf 79' lang='lat' dir='ltr'>Jocabuut</span> 
     </span>
     <span class='ocr_line' id='line_1_23' title="bbox 156 2806 1375 2906; baseline 0.007 -25"><span class='ocrx_word' id='word_1_168' title='bbox 156 2806 343 2906; x_wconf 83' lang='lat' dir='ltr'>Apostolum</span> <span class='ocrx_word' id='word_1_169' title='bbox 369 2807 607 2880; x_wconf 87' lang='lat' dir='ltr'>adscribuntur</span> <span class='ocrx_word' id='word_1_170' title='bbox 629 2807 663 2882; x_wconf 90' lang='lat' dir='ltr'>in</span> <span class='ocrx_word' id='word_1_171' title='bbox 691 2810 778 2883; x_wconf 91' lang='lat' dir='ltr'>Bibl.</span> <span class='ocrx_word' id='word_1_172' title='bbox 806 2811 861 2884; x_wconf 88' lang='lat' dir='ltr'>M.</span> <span class='ocrx_word' id='word_1_173' title='bbox 888 2812 1025 2884; x_wconf 81' lang='lat' dir='ltr'>Parrum</span> <span class='ocrx_word' id='word_1_174' title='bbox 1055 2812 1123 2882; x_wconf 86' lang='lat' dir='ltr'>vol.</span> <span class='ocrx_word' id='word_1_175' title='bbox 1150 2813 1290 2904; x_wconf 71' lang='lat' dir='ltr'>xxti,</span> <span class='ocrx_word' id='word_1_176' title='bbox 1315 2818 1375 2895; x_wconf 90' lang='lat' dir='ltr'>sed</span> 
     </span>
     <span class='ocr_line' id='line_1_24' title="bbox 155 2900 1372 3008; baseline 0.004 -30"><span class='ocrx_word' id='word_1_177' title='bbox 155 2929 223 3002; x_wconf 91' lang='lat' dir='ltr'>pto</span> <span class='ocrx_word' id='word_1_178' title='bbox 256 2903 378 2997; x_wconf 88' lang='lat' dir='ltr'>spuriis</span> <span class='ocrx_word' id='word_1_179' title='bbox 412 2901 543 2990; x_wconf 87' lang='lat' dir='ltr'>habiti,</span> <span class='ocrx_word' id='word_1_180' title='bbox 578 2900 698 3000; x_wconf 87' lang='lat' dir='ltr'>utique</span> <span class='ocrx_word' id='word_1_181' title='bbox 733 2903 811 2979; x_wconf 87' lang='lat' dir='ltr'>satis</span> <span class='ocrx_word' id='word_1_182' title='bbox 837 2907 972 3000; x_wconf 81' lang='lat' dir='ltr'>inepti.</span> <span class='ocrx_word' id='word_1_183' title='bbox 1005 2907 1038 2977; x_wconf 90' lang='lat' dir='ltr'>in</span> <span class='ocrx_word' id='word_1_184' title='bbox 1073 2928 1219 3000; x_wconf 88' lang='lat' dir='ltr'>quorum</span> <span class='ocrx_word' id='word_1_185' title='bbox 1245 2916 1372 3008; x_wconf 81' lang='lat' dir='ltr'>primo,</span> 
     </span>
     <span class='ocr_line' id='line_1_25' title="bbox 150 2998 1369 3101; baseline 0.007 -28"><span class='ocrx_word' id='word_1_186' title='bbox 150 3001 272 3073; x_wconf 79' lang='lat' dir='ltr'>versus</span> <span class='ocrx_word' id='word_1_187' title='bbox 296 2998 423 3086; x_wconf 87' lang='lat' dir='ltr'>finem,</span> <span class='ocrx_word' id='word_1_188' title='bbox 453 2999 618 3071; x_wconf 86' lang='lat' dir='ltr'>notabilis</span> <span class='ocrx_word' id='word_1_189' title='bbox 641 3004 792 3074; x_wconf 84' lang='lat' dir='ltr'>occurrit</span> <span class='ocrx_word' id='word_1_190' title='bbox 813 3004 979 3098; x_wconf 84' lang='lat' dir='ltr'>pericopa</span> <span class='ocrx_word' id='word_1_191' title='bbox 1003 3001 1046 3073; x_wconf 88' lang='lat' dir='ltr'>de</span> <span class='ocrx_word' id='word_1_192' title='bbox 1062 3002 1152 3074; x_wconf 88' lang='lat' dir='ltr'>vitio</span> <span class='ocrx_word' id='word_1_193' title='bbox 1169 3004 1369 3101; x_wconf 72' lang='lat' dir='ltr'>simoniae,</span> 
     </span>
     <span class='ocr_line' id='line_1_26' title="bbox 150 3093 1373 3192; baseline 0.01 -22"><span class='ocrx_word' id='word_1_194' title='bbox 150 3095 224 3170; x_wconf 82' lang='lat' dir='ltr'>late</span> <span class='ocrx_word' id='word_1_195' title='bbox 250 3095 419 3181; x_wconf 86' lang='lat' dir='ltr'>extenso,</span> <span class='ocrx_word' id='word_1_196' title='bbox 454 3093 506 3167; x_wconf 87' lang='lat' dir='ltr'>bis</span> <span class='ocrx_word' id='word_1_197' title='bbox 534 3096 745 3172; x_wconf 81' lang='lat' dir='ltr'>notabilibus</span> <span class='ocrx_word' id='word_1_198' title='bbox 766 3098 904 3186; x_wconf 85' lang='lat' dir='ltr'>verbis,</span> <span class='ocrx_word' id='word_1_199' title='bbox 940 3097 1030 3173; x_wconf 66' lang='lat' dir='ltr'>letto</span> <span class='ocrx_word' id='word_1_200' title='bbox 1053 3097 1175 3192; x_wconf 83' lang='lat' dir='ltr'>dignis.</span> <span class='ocrx_word' id='word_1_201' title='bbox 1231 3102 1309 3177; x_wconf 86' lang='lat' dir='ltr'>Cunr</span> <span class='ocrx_word' id='word_1_202' title='bbox 1337 3111 1373 3183; x_wconf 82' lang='lat' dir='ltr'>in</span> 
     </span>
     <span class='ocr_line' id='line_1_27' title="bbox 153 3188 1370 3296; baseline 0.009 -31"><span class='ocrx_word' id='word_1_203' title='bbox 153 3191 243 3265; x_wconf 87' lang='lat' dir='ltr'>mala</span> <span class='ocrx_word' id='word_1_204' title='bbox 259 3188 503 3283; x_wconf 81' lang='lat' dir='ltr'>fignificatt&#39;uue</span> <span class='ocrx_word' id='word_1_205' title='bbox 524 3199 654 3285; x_wconf 85' lang='lat' dir='ltr'>punitur</span> <span class='ocrx_word' id='word_1_206' title='bbox 685 3192 818 3286; x_wconf 84' lang='lat' dir='ltr'>Judas,</span> <span class='ocrx_word' id='word_1_207' title='bbox 849 3194 1024 3290; x_wconf 84' lang='lat' dir='ltr'>Antistites</span> <span class='ocrx_word' id='word_1_208' title='bbox 1048 3197 1167 3282; x_wconf 85' lang='lat' dir='ltr'>stralus,</span> <span class='ocrx_word' id='word_1_209' title='bbox 1193 3197 1370 3296; x_wconf 73' lang='lat' dir='ltr'>Presbyte-</span> 
     </span>
     <span class='ocr_line' id='line_1_28' title="bbox 151 3287 1371 3385; baseline 0.009 -24"><span class='ocrx_word' id='word_1_210' title='bbox 151 3309 224 3374; x_wconf 86' lang='lat' dir='ltr'>tus,</span> <span class='ocrx_word' id='word_1_211' title='bbox 259 3287 426 3371; x_wconf 86' lang='lat' dir='ltr'>Abbutes,</span> <span class='ocrx_word' id='word_1_212' title='bbox 459 3290 657 3375; x_wconf 87' lang='lat' dir='ltr'>Monacltos,</span> <span class='ocrx_word' id='word_1_213' title='bbox 685 3305 716 3361; x_wconf 86' lang='lat' dir='ltr'>et</span> <span class='ocrx_word' id='word_1_214' title='bbox 752 3291 924 3364; x_wconf 86' lang='lat' dir='ltr'>Praelotor</span> <span class='ocrx_word' id='word_1_215' title='bbox 944 3293 1084 3385; x_wconf 69' lang='lat' dir='ltr'>snubere</span> <span class='ocrx_word' id='word_1_216' title='bbox 1110 3291 1278 3385; x_wconf 82' lang='lat' dir='ltr'>Ecclestae</span> <span class='ocrx_word' id='word_1_217' title='bbox 1306 3305 1371 3372; x_wconf 86' lang='lat' dir='ltr'>ini·</span> 
     </span>
     <span class='ocr_line' id='line_1_29' title="bbox 150 3379 1370 3477; baseline 0.01 -25"><span class='ocrx_word' id='word_1_218' title='bbox 150 3405 246 3475; x_wconf 80' lang='lat' dir='ltr'>quas,</span> <span class='ocrx_word' id='word_1_219' title='bbox 267 3379 459 3475; x_wconf 77' lang='lat' dir='ltr'>fignificat,</span> <span class='ocrx_word' id='word_1_220' title='bbox 484 3387 537 3477; x_wconf 81' lang='lat' dir='ltr'>qui</span> <span class='ocrx_word' id='word_1_221' title='bbox 559 3385 730 3456; x_wconf 86' lang='lat' dir='ltr'>Dutuinutn</span> <span class='ocrx_word' id='word_1_222' title='bbox 755 3401 789 3455; x_wconf 86' lang='lat' dir='ltr'>ut</span> <span class='ocrx_word' id='word_1_223' title='bbox 814 3384 929 3477; x_wconf 84' lang='lat' dir='ltr'>thdur</span> <span class='ocrx_word' id='word_1_224' title='bbox 953 3389 1114 3474; x_wconf 74' lang='lat' dir='ltr'>tendunt,</span> <span class='ocrx_word' id='word_1_225' title='bbox 1147 3413 1217 3462; x_wconf 83' lang='lat' dir='ltr'>curu</span> <span class='ocrx_word' id='word_1_226' title='bbox 1245 3409 1305 3469; x_wconf 82' lang='lat' dir='ltr'>aut</span> <span class='ocrx_word' id='word_1_227' title='bbox 1329 3399 1370 3470; x_wconf 81' lang='lat' dir='ltr'>de</span> 
     </span>
     <span class='ocr_line' id='line_1_30' title="bbox 140 3474 1404 3578; baseline 0.005 -31"><span class='ocrx_word' id='word_1_228' title='bbox 140 3474 258 3576; x_wconf 86' lang='lat' dir='ltr'>sactis</span> <span class='ocrx_word' id='word_1_229' title='bbox 283 3478 466 3565; x_wconf 75' lang='lat' dir='ltr'>ordinibus,</span> <span class='ocrx_word' id='word_1_230' title='bbox 494 3494 563 3551; x_wconf 45' lang='lat' dir='ltr'>,aut</span> <span class='ocrx_word' id='word_1_231' title='bbox 585 3482 622 3550; x_wconf 88' lang='lat' dir='ltr'>de</span> <span class='ocrx_word' id='word_1_232' title='bbox 646 3479 814 3575; x_wconf 81' lang='lat' dir='ltr'>Episcopis</span> <span class='ocrx_word' id='word_1_233' title='bbox 839 3485 1044 3571; x_wconf 85' lang='lat' dir='ltr'>ordinandis,</span> <span class='ocrx_word' id='word_1_234' title='bbox 1072 3500 1130 3555; x_wconf 87' lang='lat' dir='ltr'>out</span> <span class='ocrx_word' id='word_1_235' title='bbox 1152 3485 1189 3554; x_wconf 87' lang='lat' dir='ltr'>de</span> <span class='ocrx_word' id='word_1_236' title='bbox 1211 3495 1370 3578; x_wconf 85' lang='lat' dir='ltr'>praeben.</span> <span class='ocrx_word' id='word_1_237' title='bbox 1399 3533 1404 3540; x_wconf 90' lang='lat'><em>-</em></span> 
     </span>
     <span class='ocr_line' id='line_1_31' title="bbox 146 3569 1369 3676; baseline 0.015 -32"><span class='ocrx_word' id='word_1_238' title='bbox 146 3575 198 3644; x_wconf 81' lang='lat' dir='ltr'>dis</span> <span class='ocrx_word' id='word_1_239' title='bbox 224 3569 486 3663; x_wconf 80' lang='lat' dir='ltr'>Etclastostt&#39;ris,</span> <span class='ocrx_word' id='word_1_240' title='bbox 511 3591 569 3646; x_wconf 92' lang='lat' dir='ltr'>aut</span> <span class='ocrx_word' id='word_1_241' title='bbox 585 3579 621 3646; x_wconf 86' lang='lat' dir='ltr'>de</span> <span class='ocrx_word' id='word_1_242' title='bbox 639 3582 778 3670; x_wconf 82' lang='lat' dir='ltr'>nuptiali</span> <span class='ocrx_word' id='word_1_243' title='bbox 797 3583 1023 3667; x_wconf 68' lang='lat' dir='ltr'>benedicimus,</span> <span class='ocrx_word' id='word_1_244' title='bbox 1049 3596 1112 3652; x_wconf 89' lang='lat' dir='ltr'>out</span> <span class='ocrx_word' id='word_1_245' title='bbox 1135 3583 1172 3652; x_wconf 83' lang='lat' dir='ltr'>de</span> <span class='ocrx_word' id='word_1_246' title='bbox 1179 3578 1369 3676; x_wconf 86' lang='lat' dir='ltr'>sepulturis</span> 
     </span>
     <span class='ocr_line' id='line_1_32' title="bbox 144 3669 1369 3769; baseline 0.017 -29"><span class='ocrx_word' id='word_1_247' title='bbox 144 3682 359 3752; x_wconf 75' lang='lat' dir='ltr'>mortuorum,</span> <span class='ocrx_word' id='word_1_248' title='bbox 379 3683 438 3740; x_wconf 86' lang='lat' dir='ltr'>aut</span> <span class='ocrx_word' id='word_1_249' title='bbox 455 3669 492 3738; x_wconf 86' lang='lat' dir='ltr'>de</span> <span class='ocrx_word' id='word_1_250' title='bbox 501 3671 754 3749; x_wconf 82' lang='lat' dir='ltr'>dedicationibus</span> <span class='ocrx_word' id='word_1_251' title='bbox 771 3674 997 3767; x_wconf 81' lang='lat' dir='ltr'>bafilicarutu,</span> <span class='ocrx_word' id='word_1_252' title='bbox 1017 3693 1074 3748; x_wconf 91' lang='lat' dir='ltr'>aut</span> <span class='ocrx_word' id='word_1_253' title='bbox 1090 3678 1128 3746; x_wconf 86' lang='lat' dir='ltr'>de</span> <span class='ocrx_word' id='word_1_254' title='bbox 1138 3675 1369 3769; x_wconf 83' lang='lat' dir='ltr'>sacerdotibus</span> 
     </span>
     <span class='ocr_line' id='line_1_33' title="bbox 143 3760 1365 3867; baseline 0.013 -29"><span class='ocrx_word' id='word_1_255' title='bbox 143 3764 180 3838; x_wconf 81' lang='lat' dir='ltr'>its</span> <span class='ocrx_word' id='word_1_256' title='bbox 207 3760 364 3855; x_wconf 83' lang='lat' dir='ltr'>Ecclestir</span> <span class='ocrx_word' id='word_1_257' title='bbox 383 3760 473 3857; x_wconf 85' lang='lat' dir='ltr'>juste</span> <span class='ocrx_word' id='word_1_258' title='bbox 494 3772 665 3862; x_wconf 84' lang='lat' dir='ltr'>ponendis,</span> <span class='ocrx_word' id='word_1_259' title='bbox 690 3776 741 3842; x_wconf 83' lang='lat' dir='ltr'>uel</span> <span class='ocrx_word' id='word_1_260' title='bbox 764 3774 883 3866; x_wconf 79' lang='lat' dir='ltr'>injuste</span> <span class='ocrx_word' id='word_1_261' title='bbox 905 3770 1034 3867; x_wconf 82' lang='lat' dir='ltr'>postus,</span> <span class='ocrx_word' id='word_1_262' title='bbox 1062 3789 1121 3845; x_wconf 90' lang='lat' dir='ltr'>out</span> <span class='ocrx_word' id='word_1_263' title='bbox 1138 3776 1174 3844; x_wconf 83' lang='lat' dir='ltr'>de</span> <span class='ocrx_word' id='word_1_264' title='bbox 1199 3772 1365 3867; x_wconf 75' lang='lat' dir='ltr'>defraudo·</span> 
     </span>
     <span class='ocr_line' id='line_1_34' title="bbox 143 3860 1365 3970; baseline 0.011 -43"><span class='ocrx_word' id='word_1_265' title='bbox 143 3879 216 3934; x_wconf 72' lang='lat' dir='ltr'>tarn</span> <span class='ocrx_word' id='word_1_266' title='bbox 241 3860 405 3953; x_wconf 81' lang='lat' dir='ltr'>exequiis,</span> <span class='ocrx_word' id='word_1_267' title='bbox 428 3874 487 3931; x_wconf 87' lang='lat' dir='ltr'>aut</span> <span class='ocrx_word' id='word_1_268' title='bbox 510 3863 547 3932; x_wconf 85' lang='lat' dir='ltr'>de</span> <span class='ocrx_word' id='word_1_269' title='bbox 570 3868 680 3953; x_wconf 86' lang='lat' dir='ltr'>pueris</span> <span class='ocrx_word' id='word_1_270' title='bbox 695 3867 917 3961; x_wconf 83' lang='lat' dir='ltr'>baptisandis,</span> <span class='ocrx_word' id='word_1_271' title='bbox 943 3884 1000 3941; x_wconf 84' lang='lat' dir='ltr'>aut</span> <span class='ocrx_word' id='word_1_272' title='bbox 1015 3871 1051 3941; x_wconf 85' lang='lat' dir='ltr'>de</span> <span class='ocrx_word' id='word_1_273' title='bbox 1065 3873 1271 3963; x_wconf 80' lang='lat' dir='ltr'>poenitentiis</span> <span class='ocrx_word' id='word_1_274' title='bbox 1287 3897 1365 3970; x_wconf 88' lang='lat' dir='ltr'>pec.</span> 
     </span>
     <span class='ocr_line' id='line_1_35' title="bbox 139 3955 1363 4063; baseline 0.016 -35"><span class='ocrx_word' id='word_1_275' title='bbox 139 3955 311 4032; x_wconf 67' lang='lat' dir='ltr'>caloribus</span> <span class='ocrx_word' id='word_1_276' title='bbox 333 3955 423 4026; x_wconf 82' lang='lat' dir='ltr'>datis</span> <span class='ocrx_word' id='word_1_277' title='bbox 445 3956 489 4026; x_wconf 85' lang='lat' dir='ltr'>ad</span> <span class='ocrx_word' id='word_1_278' title='bbox 511 3966 844 4035; x_wconf 79' lang='lat' dir='ltr'>excommunicandum</span> <span class='ocrx_word' id='word_1_279' title='bbox 860 3967 893 4035; x_wconf 89' lang='lat' dir='ltr'>iu</span> <span class='ocrx_word' id='word_1_280' title='bbox 912 3962 1061 4056; x_wconf 80' lang='lat' dir='ltr'>Ecclefia</span> <span class='ocrx_word' id='word_1_281' title='bbox 1075 3964 1276 4063; x_wconf 86' lang='lat' dir='ltr'>praernifflt,</span> <span class='ocrx_word' id='word_1_282' title='bbox 1301 3994 1363 4051; x_wconf 81' lang='lat' dir='ltr'>aut</span> 
     </span>
     <span class='ocr_line' id='line_1_36' title="bbox 141 4046 1361 4160; baseline 0.016 -39"><span class='ocrx_word' id='word_1_283' title='bbox 141 4052 184 4121; x_wconf 73' lang='lat' dir='ltr'>dr</span> <span class='ocrx_word' id='word_1_284' title='bbox 208 4046 309 4148; x_wconf 80' lang='lat' dir='ltr'>nsiffis</span> <span class='ocrx_word' id='word_1_285' title='bbox 326 4063 358 4122; x_wconf 84' lang='lat' dir='ltr'>et</span> <span class='ocrx_word' id='word_1_286' title='bbox 374 4055 563 4141; x_wconf 82' lang='lat' dir='ltr'>matutinis,</span> <span class='ocrx_word' id='word_1_287' title='bbox 589 4059 729 4146; x_wconf 83' lang='lat' dir='ltr'>pretium</span> <span class='ocrx_word' id='word_1_288' title='bbox 744 4065 917 4156; x_wconf 79' lang='lat' dir='ltr'>arripiunt.</span> <span class='ocrx_word' id='word_1_289' title='bbox 965 4060 1150 4160; x_wconf 77' lang='lat' dir='ltr'>subjungit</span> <span class='ocrx_word' id='word_1_290' title='bbox 1166 4083 1281 4137; x_wconf 83' lang='lat' dir='ltr'>tamen</span> <span class='ocrx_word' id='word_1_291' title='bbox 1299 4068 1361 4140; x_wconf 89' lang='lat' dir='ltr'>de-</span> 
     </span>
    </p>
   </div>
   <div class='ocr_carea' id='block_1_3' title="bbox 131 4135 1360 4260">
    <p class='ocr_par' dir='ltr' id='par_1_3' title="bbox 131 4135 1360 4260">
     <span class='ocr_line' id='line_1_37' title="bbox 131 4135 1360 4260; baseline 0.02 -42"><span class='ocrx_word' id='word_1_292' title='bbox 131 4135 279 4242; x_wconf 71' lang='lat' dir='ltr'>inceps,</span> <span class='ocrx_word' id='word_1_293' title='bbox 297 4143 487 4247; x_wconf 82' lang='lat' dir='ltr'>pecuniam</span> <span class='ocrx_word' id='word_1_294' title='bbox 502 4147 628 4248; x_wconf 87' lang='lat' dir='ltr'>sponte</span> <span class='ocrx_word' id='word_1_295' title='bbox 645 4152 760 4231; x_wconf 87' lang='lat' dir='ltr'>datam</span> <span class='ocrx_word' id='word_1_296' title='bbox 777 4155 940 4257; x_wconf 86' lang='lat' dir='ltr'>accipere</span> <span class='ocrx_word' id='word_1_297' title='bbox 957 4154 1076 4236; x_wconf 87' lang='lat' dir='ltr'>licere.</span> <span class='ocrx_word' id='word_1_298' title='bbox 1187 4158 1222 4260; x_wconf 65' lang='lat' dir='ltr'>s.</span> <span class='ocrx_word' id='word_1_299' title='bbox 1241 4162 1360 4245; x_wconf 85' lang='lat' dir='ltr'>LVll.</span> 
     </span>
    </p>
   </div>
   <div class='ocr_carea' id='block_1_4' title="bbox 0 0 1516 4806">
    <p class='ocr_par' dir='ltr' id='par_1_4' title="bbox 0 0 1516 4806">
     <span class='ocr_line' id='line_1_38' title="bbox 0 0 1516 4806; baseline 0 2"><span class='ocrx_word' id='word_1_300' title='bbox 0 0 1516 4806; x_wconf 95' lang='lat' dir='ltr'> </span> 
     </span>
    </p>
   </div>
  </div>
 </body>
</html>
