3022 4806
131 563 179 642 ⁶⁸
521 546 668 650 ssrflorla
693 549 817 653 Eccles.
845 549 960 653 Christ.

134 735 218 838 quia
246 728 421 824 Conradi,
451 729 665 807 Franconiae
691 731 822 823 Ducis,
855 753 971 828 partes
995 738 1120 810 eontra
1150 731 1358 813 Lotharium

134 823 342 920 tuebantur,
366 834 524 926 adeoque
550 832 711 902 faverent
729 831 970 923 schismaticis,
995 833 1156 926 deposuit
1184 839 1223 910 in
1243 836 1359 932 Syno-

139 932 186 1007 do
208 926 510 1001 Ravennatensra
550 933 655 1005 1128.

140 1058 146 1071 ·
185 1025 218 1124 ς.
244 1025 379 1097 LVlll.
406 1023 571 1095 Honorio
598 1019 766 1095 defunuo
789 1023 888 1098 scilla
913 1021 964 1095 ell
987 1024 1146 1098 Romana
1180 1024 1354 1114 Ecclesia,

139 1122 227 1198 novi
257 1120 368 1213 Papae
395 1118 511 1208 causa,
547 1118 584 1189 in
612 1117 694 1189 duas
717 1140 846 1212 partes.
893 1118 1034 1192 Electus
1067 1121 1159 1194 enim
1192 1121 1244 1194 ell
1278 1123 1356 1217 qui·

138 1220 221 1293 dem
255 1239 275 1287 a
306 1212 452 1285 meliore
491 1231 591 1309 parte
629 1212 893 1304 cardinalium,
934 1215 992 1287 sed
1030 1216 1159 1311 exiguo
1207 1239 1358 1289 numero

137 1332 274 1388 tantum
310 1307 480 1395 sedecim,
521 1308 748 1381 Innocentius
774 1312 844 1399 II.,
877 1328 980 1383 antea
1010 1310 1200 1406 Gregorius
1234 1316 1360 1385 Cardi-

136 1408 244 1493 rtalis,
271 1403 350 1476 satis
375 1401 672 1498 praecipitanter,
699 1404 757 1478 die
780 1429 868 1478 vero
892 1404 1056 1500 sequente
1082 1408 1125 1478 ab
1147 1407 1243 1494 aliis,
1280 1409 1358 1481 lon·

164 1499 334 1593 emajore
362 1521 533 1588 numero,
568 1499 779 1589 Anacletus,
810 1521 912 1573 antea
928 1501 1069 1589 Petrus,
1094 1503 1226 1575 Leonis
1242 1503 1357 1591 filius,

138 1527 321 1693 iresbyter
346 1596 558 1680 Cardinalis3
592 1596 653 1689 qui
677 1598 780 1669 ambo
811 1596 891 1668 sunt
914 1598 1040 1666 eodem
1065 1595 1122 1668 die
1148 1597 1356 1672 consecrati.

137 1690 364 1768 Innocentius
381 1690 464 1762 licet
479 1689 606 1776 suerit,
633 1707 672 1761 ut
694 1692 859 1778 traditur,
885 1689 1079 1783 inculpatae
1104 1714 1176 1765 non
1195 1711 1356 1781 tantum,

139 1786 199 1861 sed
237 1805 275 1858 et
317 1782 539 1880 Apostolicae
576 1784 702 1872 vitae,
745 1788 937 1860 Anacletus
978 1806 1154 1860 econtra
1192 1786 1358 1877 Infamia,

139 1883 332 1970 scortator,
357 1880 558 1976 sacrilegus,
582 1898 620 1951 et
639 1896 826 1976 tyrannus,
851 1880 923 1954 vid.
947 1881 1139 1955 Bernardus
1163 1882 1358 1958 Claraeval·

142 1977 244 2055 lensrs
267 2001 324 2070 ep.
354 1997 421 2066 124
449 1981 617 2064 et126.‚
650 1976 848 2072 Arnulphos
878 1975 1108 2049 LuxovIensrs
1132 1977 1356 2075 Episcopus,

139 2074 186 2150 de
211 2071 395 2146 schismate
428 2069 508 2167 post
540 2071 746 2144 Honorium
779 2071 815 2144 in
845 2069 1029 2167 spicilegio
1060 2071 1237 2156 Becher..
1280 2072 1358 2169 ejus

42 2171 45 2175 ’
137 2189 259 2245 tamen
294 2187 410 2264 partes
437 2167 704 2263 praevaluerunt
734 2169 892 2256 Rornae,
933 2165 1021 2238 adco
1055 2185 1095 2239 ut
1125 2169 1359 2243 Innocentius

141 2265 204 2339 fibi
233 2266 317 2355 suga
346 2263 507 2336 debuerit
541 2262 738 2348 consulere,
783 2285 879 2349 nec,
917 2258 1002 2332 licet
1035 2262 1189 2335 triennio
1221 2263 1303 2360 post
1335 2287 1358 2338 a

144 2358 316 2431 Lothario
340 2358 492 2427 Romam
517 2356 679 2427 reduetus
702 2356 828 2444 suerit,
853 2357 969 2427 locum
995 2355 1041 2427 ibi
1063 2358 1150 2431 tueri
1175 2359 1353 2451 potuerit,

46 2521 53 2531 .
142 2452 206 2526 nist
231 2448 307 2543 post
339 2449 504 2521 Anacleti
536 2469 710 2538 mortem,
745 2472 776 2522 a.
810 2457 914 2542 1138.
966 2451 1104 2525 Eleslus
1138 2453 1280 2548 quidem
1315 2454 1356 2528 in

140 2543 299 2622 desuntli
323 2543 436 2615 locum
459 2541 509 2614 est
535 2542 688 2632 Vidlor,
721 2563 822 2618 antea
847 2545 1040 2640 Gregorius
1063 2548 1247 2643 Presbyter
1271 2553 1357 2623 Car·

104 2720 105 2723 ¹
140 2641 284 2726 dinalis,
308 2637 364 2710 sed
390 2635 469 2732 post
494 2637 581 2709 duos
602 2640 736 2712 menses
760 2663 779 2712 a
803 2641 867 2713 suis
895 2639 1069 2731 desertus,
1094 2661 1132 2716 et
1156 2646 1191 2716 se
1216 2646 1357 2720 abdica·

141 2761 180 2812 re
204 2733 367 2821 coadlus,
402 2734 516 2805 sedem
545 2734 756 2808 Innocentio
780 2731 943 2831 requuit,
974 2736 1028 2831 qui
1050 2740 1092 2810 ab
1118 2740 1277 2814 omnibus
1300 2741 1356 2813 su·

142 2836 175 2910 it
206 2835 379 2927 agnitus,
421 2829 464 2900 ab
494 2829 571 2923 ipso
607 2828 714 2902 etiam
739 2831 897 2928 Rogerio
923 2834 1063 2921 Siculo,
1098 2834 1155 2930 qui
1189 2837 1355 2911 Anacleti

139 2946 262 3026 partes
287 2925 425 2999 strenue
450 2942 525 2997 erat
547 2924 675 3012 tuitus,
711 2924 781 2999 sese
810 2947 848 3000 et
873 2949 917 2998 eo
942 2930 1087 3000 nomine
1112 2930 1176 3023 ipss
1208 2932 1356 3007 devinc-

103 3101 105 3106 ,
142 3045 219 3096 turn
245 3019 423 3114 judicans,
457 3019 549 3114 quod
575 3021 688 3116 Regis
720 3022 822 3095 titulo
856 3024 897 3097 ab
932 3021 1008 3116 ipso
1037 3023 1143 3097 suerit
1186 3048 1358 3118 ornatus,

138 3117 201 3193 sub
227 3117 331 3189 censu
356 3137 474 3188 annuo
496 3123 569 3187 600
594 3116 849 3205 schusatorum,
882 3117 1055 3190 Ecclesiae
1072 3113 1263 3195 Romanae
1290 3121 1358 3197 sol·

142 3213 371 3298 vendorum3
411 3207 499 3282 teste
532 3211 725 3304 diplomate
763 3213 853 3306 apud
887 3214 1084 3287 Batonium.
1110 3271 1112 3276 ,
1138 3218 1236 3290 Inter
1270 3240 1357 3309 eos,

144 3309 206 3407 qui
238 3305 410 3379 Anacleto
442 3304 700 3394 adhaeserunt,
747 3324 961 3380 memoratur
995 3333 1131 3406 quoque
1167 3335 1211 3384 ex
1253 3313 1360 3408 Epis·

143 3404 245 3501 copis
270 3402 446 3475 Gerardus
471 3399 765 3494 Engolismensrs,
799 3402 857 3498 qui
884 3423 1001 3498 partes
1036 3407 1110 3501 ejus
1142 3407 1241 3480 valde
1273 3431 1359 3504 pro·

144 3501 281 3586 movit,
318 3496 495 3570 Gulielmo
520 3518 659 3591 quoque
683 3497 903 3572 Pidlavorum
929 3500 1068 3575 Comite
1094 3502 1239 3575 adeum
1267 3524 1361 3586 trac·

123 3590 196 3670 to.
249 3590 463 3687 Depingitur
487 3592 626 3684 quidem
661 3594 703 3664 ab
742 3593 928 3687 Arnnlpho
961 3611 1123 3693 tanquam
1155 3597 1360 3676 ambitiosus

143 3711 183 3765 et
219 3687 397 3774 secularis,
431 3687 494 3785 qui
523 3688 736 3759 Innocentio
771 3687 1008 3779 valedixisset,
1042 3691 1133 3787 quod
1166 3693 1357 3788 legationis

142 3809 266 3863 munus
290 3784 332 3855 ab
358 3779 434 3876 ipso
461 3801 531 3855 non
554 3782 714 3874 potuerit
740 3783 938 3876 inpetrare,
965 3792 1056 3878 quod
1077 3788 1266 3864 Anacletus
1289 3789 1357 3886 ipsi

140 3881 262 3970 dedit,
287 3878 344 3952 sed
359 3879 401 3951 ab
417 3877 489 3952 aliis
512 3875 676 3949 laudatur.
729 3879 815 3953 Vid.
842 3877 1026 3970 Mabillon,
1052 3881 1089 3954 in
1104 3884 1248 3977 praefat.
1267 3906 1358 3978 ope·

138 4001 219 4073 sum
242 3974 427 4070 Bernardi,
461 3969 643 4074 qui-plura
666 3970 712 4047 de
740 3972 811 4049 huc
839 3971 1018 4052 schismate
1041 3981 1192 4056 notanda
1225 3981 1354 4063 adfert.

1200 4074 1360 4176 ΗΧ.
