<?xml version="1.0" encoding="UTF-8"?>
<!DOCTYPE html PUBLIC "-//W3C//DTD XHTML 1.0 Transitional//EN"
    "http://www.w3.org/TR/xhtml1/DTD/xhtml1-transitional.dtd">
<html xmlns="http://www.w3.org/1999/xhtml" xml:lang="en" lang="en">
 <head>
  <title>
</title>
<meta http-equiv="Content-Type" content="text/html;charset=utf-8" />
  <meta name='ocr-system' content='tesseract 3.04.00' />
  <meta name='ocr-capabilities' content='ocr_page ocr_carea ocr_par ocr_line ocrx_word'/>
</head>
<body>
  <div class='ocr_page' id='page_1' title='image "./hermannivenemai00venegoog_0082.png"; bbox 0 0 3022 4806; ppageno 0'>
   <div class='ocr_carea' id='block_1_1' title="bbox 648 552 1372 673">
    <p class='ocr_par' dir='ltr' id='par_1_1' title="bbox 648 552 1372 673">
     <span class='ocr_line' id='line_1_1' title="bbox 648 552 1372 673; baseline -0.001 -32"><span class='ocrx_word' id='word_1_1' title='bbox 648 562 756 643; x_wconf 72' lang='lat' dir='ltr'>Serui.</span> <span class='ocrx_word' id='word_1_2' title='bbox 783 552 872 642; x_wconf 75' lang='grc' dir='ltr'><em>ΧΙῙ.</em></span> <span class='ocrx_word' id='word_1_3' title='bbox 1323 595 1372 673; x_wconf 78' lang='lat'>71</span> 
     </span>
    </p>
   </div>
   <div class='ocr_carea' id='block_1_2' title="bbox 123 736 1434 4197">
    <p class='ocr_par' dir='ltr' id='par_1_2' title="bbox 145 736 1372 2164">
     <span class='ocr_line' id='line_1_2' title="bbox 175 736 1371 842; baseline 0.014 -30"><span class='ocrx_word' id='word_1_4' title='bbox 175 736 209 812; x_wconf 85' lang='lat' dir='ltr'>n&#39;t</span> <span class='ocrx_word' id='word_1_5' title='bbox 228 736 565 831; x_wconf 81' lang='lat' dir='ltr'>excommunicatur,</span> <span class='ocrx_word' id='word_1_6' title='bbox 596 738 778 818; x_wconf 85' lang='lat' dir='ltr'>referente</span> <span class='ocrx_word' id='word_1_7' title='bbox 813 743 986 833; x_wconf 84' lang='lat' dir='ltr'>Falcone,</span> <span class='ocrx_word' id='word_1_8' title='bbox 1020 741 1080 842; x_wconf 84' lang='lat' dir='ltr'>qui</span> <span class='ocrx_word' id='word_1_9' title='bbox 1115 762 1231 823; x_wconf 85' lang='lat' dir='ltr'>tamen</span> <span class='ocrx_word' id='word_1_10' title='bbox 1264 752 1371 831; x_wconf 89' lang='lat' dir='ltr'>Inno-</span> 
     </span>
     <span class='ocr_line' id='line_1_3' title="bbox 168 836 1372 940; baseline 0.011 -31"><span class='ocrx_word' id='word_1_11' title='bbox 168 836 303 910; x_wconf 85' lang='lat' dir='ltr'>centium</span> <span class='ocrx_word' id='word_1_12' title='bbox 323 838 397 934; x_wconf 85' lang='lat' dir='ltr'>jam</span> <span class='ocrx_word' id='word_1_13' title='bbox 434 857 516 914; x_wconf 86' lang='lat' dir='ltr'>ante</span> <span class='ocrx_word' id='word_1_14' title='bbox 552 838 733 934; x_wconf 87' lang='lat' dir='ltr'>Synodum</span> <span class='ocrx_word' id='word_1_15' title='bbox 768 841 911 914; x_wconf 84' lang='lat' dir='ltr'>traditur</span> <span class='ocrx_word' id='word_1_16' title='bbox 946 841 1137 940; x_wconf 84' lang='lat' dir='ltr'>recepilie,</span> <span class='ocrx_word' id='word_1_17' title='bbox 1172 849 1260 922; x_wconf 83' lang='lat' dir='ltr'>varii</span> <span class='ocrx_word' id='word_1_18' title='bbox 1292 851 1372 929; x_wconf 75' lang='lat' dir='ltr'>sunt</span> 
     </span>
     <span class='ocr_line' id='line_1_4' title="bbox 160 932 1370 1037; baseline 0.013 -32"><span class='ocrx_word' id='word_1_19' title='bbox 160 932 284 1008; x_wconf 86' lang='lat' dir='ltr'>conditi</span> <span class='ocrx_word' id='word_1_20' title='bbox 310 953 466 1010; x_wconf 75' lang='lat' dir='ltr'>canones</span> <span class='ocrx_word' id='word_1_21' title='bbox 480 936 524 1010; x_wconf 88' lang='lat' dir='ltr'>ad</span> <span class='ocrx_word' id='word_1_22' title='bbox 547 934 785 1030; x_wconf 77' lang='lat' dir='ltr'>disciplinam,</span> <span class='ocrx_word' id='word_1_23' title='bbox 812 961 877 1032; x_wconf 90' lang='lat' dir='ltr'>per</span> <span class='ocrx_word' id='word_1_24' title='bbox 901 934 1048 1012; x_wconf 83' lang='lat' dir='ltr'>schisma</span> <span class='ocrx_word' id='word_1_25' title='bbox 1072 943 1282 1037; x_wconf 83' lang='lat' dir='ltr'><strong>collapsam,</strong></span> <span class='ocrx_word' id='word_1_26' title='bbox 1316 949 1370 1023; x_wconf 86' lang='lat' dir='ltr'>in·</span> 
     </span>
     <span class='ocr_line' id='line_1_5' title="bbox 157 1026 1370 1130; baseline 0.008 -24"><span class='ocrx_word' id='word_1_27' title='bbox 157 1026 373 1106; x_wconf 71' lang='lat' dir='ltr'>mutandam.</span> <span class='ocrx_word' id='word_1_28' title='bbox 424 1033 524 1106; x_wconf 89' lang='lat' dir='ltr'>Inter</span> <span class='ocrx_word' id='word_1_29' title='bbox 547 1054 634 1129; x_wconf 81' lang='lat' dir='ltr'>quoa</span> <span class='ocrx_word' id='word_1_30' title='bbox 658 1031 755 1122; x_wconf 89' lang='lat' dir='ltr'>sunt,</span> <span class='ocrx_word' id='word_1_31' title='bbox 780 1033 839 1130; x_wconf 91' lang='lat' dir='ltr'>qui</span> <span class='ocrx_word' id='word_1_32' title='bbox 864 1027 1015 1107; x_wconf 86' lang='lat' dir='ltr'>nostram</span> <span class='ocrx_word' id='word_1_33' title='bbox 1040 1057 1225 1112; x_wconf 86' lang='lat' dir='ltr'>merentur</span> <span class='ocrx_word' id='word_1_34' title='bbox 1246 1041 1370 1117; x_wconf 86' lang='lat' dir='ltr'>adten-</span> 
     </span>
     <span class='ocr_line' id='line_1_6' title="bbox 156 1122 1371 1234; baseline 0.012 -36"><span class='ocrx_word' id='word_1_35' title='bbox 156 1122 302 1217; x_wconf 89' lang='lat' dir='ltr'>tionem,</span> <span class='ocrx_word' id='word_1_36' title='bbox 326 1127 401 1218; x_wconf 92' lang='lat' dir='ltr'>uti,</span> <span class='ocrx_word' id='word_1_37' title='bbox 426 1127 485 1225; x_wconf 81' lang='lat' dir='ltr'>qui</span> <span class='ocrx_word' id='word_1_38' title='bbox 501 1126 715 1218; x_wconf 75' lang='lat' dir='ltr'>simoniam,</span> <span class='ocrx_word' id='word_1_39' title='bbox 739 1125 965 1203; x_wconf 77' lang='lat' dir='ltr'>investituras</span> <span class='ocrx_word' id='word_1_40' title='bbox 980 1129 1123 1223; x_wconf 82' lang='lat' dir='ltr'>Laicat,</span> <span class='ocrx_word' id='word_1_41' title='bbox 1148 1153 1186 1206; x_wconf 90' lang='lat' dir='ltr'>et</span> <span class='ocrx_word' id='word_1_42' title='bbox 1211 1137 1371 1234; x_wconf 84' lang='lat' dir='ltr'>conjugia</span> 
     </span>
     <span class='ocr_line' id='line_1_7' title="bbox 155 1221 1364 1320; baseline 0.011 -24"><span class='ocrx_word' id='word_1_43' title='bbox 155 1221 390 1315; x_wconf 73' lang='lat' dir='ltr'>clericorum,</span> <span class='ocrx_word' id='word_1_44' title='bbox 410 1225 656 1319; x_wconf 87' lang='lat' dir='ltr'>proscribunt,</span> <span class='ocrx_word' id='word_1_45' title='bbox 678 1226 777 1299; x_wconf 91' lang='lat' dir='ltr'>Laici</span> <span class='ocrx_word' id='word_1_46' title='bbox 794 1224 901 1299; x_wconf 89' lang='lat' dir='ltr'>etiam</span> <span class='ocrx_word' id='word_1_47' title='bbox 913 1224 1084 1320; x_wconf 89' lang='lat' dir='ltr'>jubentur</span> <span class='ocrx_word' id='word_1_48' title='bbox 1100 1230 1277 1319; x_wconf 76' lang='lat' dir='ltr'>decimas,</span> <span class='ocrx_word' id='word_1_49' title='bbox 1303 1252 1364 1308; x_wconf 90' lang='lat' dir='ltr'>aut</span> 
     </span>
     <span class='ocr_line' id='line_1_8' title="bbox 151 1315 1367 1423; baseline 0.007 -30"><span class='ocrx_word' id='word_1_50' title='bbox 151 1315 509 1412; x_wconf 76' lang='lat' dir='ltr'>liccleliaudemraa,</span> <span class='ocrx_word' id='word_1_51' title='bbox 533 1319 679 1395; x_wconf 83' lang='lat' dir='ltr'>reddere</span> <span class='ocrx_word' id='word_1_52' title='bbox 696 1320 895 1410; x_wconf 77' lang='lat' dir='ltr'>Ecclesiae,</span> <span class='ocrx_word' id='word_1_53' title='bbox 914 1321 1027 1396; x_wconf 85' lang='lat' dir='ltr'>omnir</span> <span class='ocrx_word' id='word_1_54' title='bbox 1046 1323 1144 1397; x_wconf 86' lang='lat' dir='ltr'>usura</span> <span class='ocrx_word' id='word_1_55' title='bbox 1162 1323 1367 1423; x_wconf 87' lang='lat' dir='ltr'>damnatur,</span> 
     </span>
     <span class='ocr_line' id='line_1_9' title="bbox 151 1415 1367 1519; baseline 0.009 -30"><span class='ocrx_word' id='word_1_56' title='bbox 151 1433 309 1512; x_wconf 83' lang='lat' dir='ltr'>tanquam</span> <span class='ocrx_word' id='word_1_57' title='bbox 335 1415 472 1492; x_wconf 84' lang='lat' dir='ltr'>divinia</span> <span class='ocrx_word' id='word_1_58' title='bbox 495 1432 533 1491; x_wconf 92' lang='lat' dir='ltr'>et</span> <span class='ocrx_word' id='word_1_59' title='bbox 555 1419 714 1492; x_wconf 81' lang='lat' dir='ltr'>lrtunanir</span> <span class='ocrx_word' id='word_1_60' title='bbox 735 1419 865 1513; x_wconf 75' lang='lat' dir='ltr'>legibue</span> <span class='ocrx_word' id='word_1_61' title='bbox 891 1415 1076 1492; x_wconf 85' lang='lat' dir='ltr'>contraria.</span> <span class='ocrx_word' id='word_1_62' title='bbox 1127 1421 1293 1519; x_wconf 88' lang='lat' dir='ltr'>Denique</span> <span class='ocrx_word' id='word_1_63' title='bbox 1321 1427 1367 1500; x_wconf 89' lang='lat' dir='ltr'>dc</span> 
     </span>
     <span class='ocr_line' id='line_1_10' title="bbox 149 1511 1362 1615; baseline 0.01 -31"><span class='ocrx_word' id='word_1_64' title='bbox 149 1527 264 1606; x_wconf 73' lang='lat' dir='ltr'>twega</span> <span class='ocrx_word' id='word_1_65' title='bbox 287 1512 365 1587; x_wconf 88' lang='lat' dir='ltr'>Dei</span> <span class='ocrx_word' id='word_1_66' title='bbox 394 1511 577 1588; x_wconf 82' lang='lat' dir='ltr'>definitum</span> <span class='ocrx_word' id='word_1_67' title='bbox 608 1512 678 1602; x_wconf 89' lang='lat' dir='ltr'>est,</span> <span class='ocrx_word' id='word_1_68' title='bbox 714 1536 802 1609; x_wconf 89' lang='lat' dir='ltr'>pace</span> <span class='ocrx_word' id='word_1_69' title='bbox 832 1511 1009 1610; x_wconf 74' lang='lat' dir='ltr'>gavisuros</span> <span class='ocrx_word' id='word_1_70' title='bbox 1042 1515 1269 1612; x_wconf 79' lang='lat' dir='ltr'>Presbyteroa</span> <span class='ocrx_word' id='word_1_71' title='bbox 1297 1540 1362 1615; x_wconf 83' lang='lat' dir='ltr'>per</span> 
     </span>
     <span class='ocr_line' id='line_1_11' title="bbox 147 1607 1362 1712; baseline 0.009 -32"><span class='ocrx_word' id='word_1_72' title='bbox 147 1624 246 1680; x_wconf 88' lang='lat' dir='ltr'>omne</span> <span class='ocrx_word' id='word_1_73' title='bbox 279 1628 437 1705; x_wconf 76' lang='lat' dir='ltr'>tempus,</span> <span class='ocrx_word' id='word_1_74' title='bbox 470 1631 538 1682; x_wconf 88' lang='lat' dir='ltr'>nec</span> <span class='ocrx_word' id='word_1_75' title='bbox 568 1630 641 1685; x_wconf 91' lang='lat' dir='ltr'>uon</span> <span class='ocrx_word' id='word_1_76' title='bbox 683 1608 856 1699; x_wconf 80' lang='lat' dir='ltr'>clericor,</span> <span class='ocrx_word' id='word_1_77' title='bbox 888 1607 1106 1698; x_wconf 74' lang='lat' dir='ltr'>Monachus,</span> <span class='ocrx_word' id='word_1_78' title='bbox 1150 1615 1362 1712; x_wconf 82' lang='lat' dir='ltr'>peregrinor</span> 
     </span>
     <span class='ocr_line' id='line_1_12' title="bbox 147 1702 1368 1813; baseline -0.002 -36"><span class='ocrx_word' id='word_1_79' title='bbox 147 1720 380 1792; x_wconf 74' lang='lat' dir='ltr'>mercatores,</span> <span class='ocrx_word' id='word_1_80' title='bbox 412 1702 578 1793; x_wconf 83' lang='lat' dir='ltr'>rusticor,</span> <span class='ocrx_word' id='word_1_81' title='bbox 607 1723 730 1780; x_wconf 83' lang='lat' dir='ltr'>eumer</span> <span class='ocrx_word' id='word_1_82' title='bbox 757 1723 792 1778; x_wconf 90' lang='lat' dir='ltr'>et</span> <span class='ocrx_word' id='word_1_83' title='bbox 817 1705 1003 1778; x_wconf 84' lang='lat' dir='ltr'>redeuntes</span> <span class='ocrx_word' id='word_1_84' title='bbox 1033 1706 1214 1802; x_wconf 77' lang='lat' dir='ltr'>agricolae.</span> <span class='ocrx_word' id='word_1_85' title='bbox 1267 1710 1368 1813; x_wconf 76' lang='lat' dir='ltr'>Quo.</span> 
     </span>
     <span class='ocr_line' id='line_1_13' title="bbox 146 1798 1364 1900; baseline 0.006 -25"><span class='ocrx_word' id='word_1_86' title='bbox 146 1798 186 1875; x_wconf 85' lang='lat' dir='ltr'>ud</span> <span class='ocrx_word' id='word_1_87' title='bbox 217 1799 401 1898; x_wconf 77' lang='lat' dir='ltr'>reliquos,</span> <span class='ocrx_word' id='word_1_88' title='bbox 441 1798 607 1876; x_wconf 84' lang='lat' dir='ltr'>induciae</span> <span class='ocrx_word' id='word_1_89' title='bbox 639 1803 718 1875; x_wconf 88' lang='lat' dir='ltr'>sunt</span> <span class='ocrx_word' id='word_1_90' title='bbox 745 1798 912 1875; x_wconf 80' lang='lat' dir='ltr'>stabilitae</span> <span class='ocrx_word' id='word_1_91' title='bbox 945 1822 964 1872; x_wconf 88' lang='lat' dir='ltr'>a</span> <span class='ocrx_word' id='word_1_92' title='bbox 994 1801 1170 1876; x_wconf 89' lang='lat' dir='ltr'>Mercurii</span> <span class='ocrx_word' id='word_1_93' title='bbox 1207 1805 1364 1900; x_wconf 81' lang='lat' dir='ltr'>suprema</span> 
     </span>
     <span class='ocr_line' id='line_1_14' title="bbox 146 1894 1362 1994; baseline 0.007 -25"><span class='ocrx_word' id='word_1_94' title='bbox 146 1894 202 1970; x_wconf 87' lang='lat' dir='ltr'>die</span> <span class='ocrx_word' id='word_1_95' title='bbox 224 1894 335 1994; x_wconf 87' lang='lat' dir='ltr'>usqne</span> <span class='ocrx_word' id='word_1_96' title='bbox 352 1895 602 1972; x_wconf 83' lang='lat' dir='ltr'>addiluculum</span> <span class='ocrx_word' id='word_1_97' title='bbox 626 1895 699 1971; x_wconf 91' lang='lat' dir='ltr'>diei</span> <span class='ocrx_word' id='word_1_98' title='bbox 723 1897 866 1984; x_wconf 68' lang='lat' dir='ltr'>Innae,</span> <span class='ocrx_word' id='word_1_99' title='bbox 894 1898 938 1971; x_wconf 86' lang='lat' dir='ltr'>ab</span> <span class='ocrx_word' id='word_1_100' title='bbox 955 1895 1109 1970; x_wconf 85' lang='lat' dir='ltr'>adventu</span> <span class='ocrx_word' id='word_1_101' title='bbox 1133 1899 1278 1974; x_wconf 90' lang='lat' dir='ltr'>Domini</span> <span class='ocrx_word' id='word_1_102' title='bbox 1309 1904 1362 1978; x_wconf 86' lang='lat' dir='ltr'>us·</span> 
     </span>
     <span class='ocr_line' id='line_1_15' title="bbox 147 1989 1360 2162; baseline 0.006 -97"><span class='ocrx_word' id='word_1_103' title='bbox 147 2013 211 2089; x_wconf 71' lang='lat' dir='ltr'>que</span> <span class='ocrx_word' id='word_1_104' title='bbox 234 1995 282 2162; x_wconf 58' lang='lat' dir='ltr'>ald&gt;</span> <span class='ocrx_word' id='word_1_105' title='bbox 304 1989 450 2162; x_wconf 39' lang='lat' dir='ltr'>incisim</span> <span class='ocrx_word' id='word_1_106' title='bbox 471 1990 712 2091; x_wconf 79' lang='lat' dir='ltr'>Epiphaniae,</span> <span class='ocrx_word' id='word_1_107' title='bbox 734 2017 754 2068; x_wconf 93' lang='lat' dir='ltr'>a</span> <span class='ocrx_word' id='word_1_108' title='bbox 780 1990 1071 2090; x_wconf 81' lang='lat' dir='ltr'>Quinquagefima</span> <span class='ocrx_word' id='word_1_109' title='bbox 1096 1993 1205 2093; x_wconf 88' lang='lat' dir='ltr'>usquc</span> <span class='ocrx_word' id='word_1_110' title='bbox 1229 1995 1273 2072; x_wconf 92' lang='lat' dir='ltr'>ad</span> <span class='ocrx_word' id='word_1_111' title='bbox 1298 2019 1360 2072; x_wconf 90' lang='lat' dir='ltr'>oc·</span> 
     </span>
     <span class='ocr_line' id='line_1_16' title="bbox 145 2102 424 2164; baseline 0.011 -3"><span class='ocrx_word' id='word_1_112' title='bbox 145 2102 233 2163; x_wconf 76' lang='lat' dir='ltr'>tam</span> <span class='ocrx_word' id='word_1_113' title='bbox 281 2113 302 2161; x_wconf 87' lang='lat' dir='ltr'>a</span> <span class='ocrx_word' id='word_1_114' title='bbox 385 2111 424 2164; x_wconf 81' lang='lat' dir='ltr'>c.</span> 
     </span>
    </p>

    <p class='ocr_par' dir='ltr' id='par_1_3' title="bbox 123 2178 1434 4180">
     <span class='ocr_line' id='line_1_17' title="bbox 181 2178 1359 2284; baseline -0.003 -26"><span class='ocrx_word' id='word_1_115' title='bbox 181 2178 216 2279; x_wconf 64' lang='grc' dir='ltr'>ς.</span> <span class='ocrx_word' id='word_1_116' title='bbox 238 2184 340 2258; x_wconf 76' lang='lat' dir='ltr'>LXI.</span> <span class='ocrx_word' id='word_1_117' title='bbox 376 2187 589 2282; x_wconf 79' lang='lat' dir='ltr'>ingruerint</span> <span class='ocrx_word' id='word_1_118' title='bbox 614 2182 740 2284; x_wconf 70' lang='lat' dir='ltr'>polleo</span> <span class='ocrx_word' id='word_1_119' title='bbox 772 2206 890 2260; x_wconf 81' lang='lat' dir='ltr'>novae</span> <span class='ocrx_word' id='word_1_120' title='bbox 915 2181 1202 2258; x_wconf 68' lang='lat' dir='ltr'>concertationes</span> <span class='ocrx_word' id='word_1_121' title='bbox 1228 2189 1359 2264; x_wconf 82' lang='lat' dir='ltr'>acerri.</span> 
     </span>
     <span class='ocr_line' id='line_1_18' title="bbox 146 2277 1360 2378; baseline 0.004 -23"><span class='ocrx_word' id='word_1_122' title='bbox 146 2295 238 2371; x_wconf 83' lang='lat' dir='ltr'>mae,</span> <span class='ocrx_word' id='word_1_123' title='bbox 262 2277 388 2378; x_wconf 77' lang='lat' dir='ltr'>paucis</span> <span class='ocrx_word' id='word_1_124' title='bbox 413 2285 634 2357; x_wconf 86' lang='lat' dir='ltr'>enarrandae.</span> <span class='ocrx_word' id='word_1_125' title='bbox 681 2281 779 2354; x_wconf 87' lang='lat' dir='ltr'>Lites</span> <span class='ocrx_word' id='word_1_126' title='bbox 803 2305 883 2355; x_wconf 91' lang='lat' dir='ltr'>cum</span> <span class='ocrx_word' id='word_1_127' title='bbox 910 2277 1092 2373; x_wconf 87' lang='lat' dir='ltr'>Rogerio,</span> <span class='ocrx_word' id='word_1_128' title='bbox 1116 2278 1260 2356; x_wconf 84' lang='lat' dir='ltr'>Siciliae</span> <span class='ocrx_word' id='word_1_129' title='bbox 1283 2285 1360 2359; x_wconf 86' lang='lat' dir='ltr'>Re·</span> 
     </span>
     <span class='ocr_line' id='line_1_19' title="bbox 145 2374 1358 2486; baseline 0.004 -34"><span class='ocrx_word' id='word_1_130' title='bbox 145 2397 211 2472; x_wconf 76' lang='lat' dir='ltr'>ge,</span> <span class='ocrx_word' id='word_1_131' title='bbox 235 2400 267 2452; x_wconf 75' lang='lat' dir='ltr'>a</span> <span class='ocrx_word' id='word_1_132' title='bbox 298 2398 405 2472; x_wconf 81' lang='lat'>1139.</span> <span class='ocrx_word' id='word_1_133' title='bbox 424 2397 587 2484; x_wconf 78' lang='lat' dir='ltr'>exortat,</span> <span class='ocrx_word' id='word_1_134' title='bbox 613 2374 795 2451; x_wconf 82' lang='lat' dir='ltr'>occasione</span> <span class='ocrx_word' id='word_1_135' title='bbox 811 2375 979 2473; x_wconf 84' lang='lat' dir='ltr'>Apuliae,</span> <span class='ocrx_word' id='word_1_136' title='bbox 1005 2398 1128 2486; x_wconf 79' lang='lat' dir='ltr'>quam,</span> <span class='ocrx_word' id='word_1_137' title='bbox 1152 2374 1281 2453; x_wconf 87' lang='lat' dir='ltr'>Rainul</span> <span class='ocrx_word' id='word_1_138' title='bbox 1309 2381 1358 2459; x_wconf 90' lang='lat' dir='ltr'>ho</span> 
     </span>
     <span class='ocr_line' id='line_1_20' title="bbox 145 2407 1358 2586; baseline 0.003 -39"><span class='ocrx_word' id='word_1_139' title='bbox 145 2475 267 2586; x_wconf 77' lang='lat' dir='ltr'>Duce,</span> <span class='ocrx_word' id='word_1_140' title='bbox 300 2492 339 2547; x_wconf 88' lang='lat' dir='ltr'>et</span> <span class='ocrx_word' id='word_1_141' title='bbox 362 2472 450 2546; x_wconf 79' lang='lat' dir='ltr'>sedus</span> <span class='ocrx_word' id='word_1_142' title='bbox 475 2473 608 2571; x_wconf 81' lang='lat' dir='ltr'>Papalie</span> <span class='ocrx_word' id='word_1_143' title='bbox 629 2471 843 2563; x_wconf 79' lang='lat' dir='ltr'>feudatario,</span> <span class='ocrx_word' id='word_1_144' title='bbox 874 2490 1054 2580; x_wconf 50' lang='lat' dir='ltr'>morton,</span> <span class='ocrx_word' id='word_1_145' title='bbox 1070 2470 1259 2580; x_wconf 69' lang='lat' dir='ltr'>invadebat</span> <span class='ocrx_word' id='word_1_146' title='bbox 1281 2407 1358 2551; x_wconf 58' lang='lat' dir='ltr'>iio·</span> 
     </span>
     <span class='ocr_line' id='line_1_21' title="bbox 140 2564 1358 2760; baseline -0.01 -21"><span class='ocrx_word' id='word_1_147' title='bbox 140 2564 1194 2760; x_wconf 58' lang='lat' dir='ltr'>illeliillllilit,liezilllnlldllll</span> <span class='ocrx_word' id='word_1_148' title='bbox 1214 2590 1358 2742; x_wconf 65' lang='lat' dir='ltr'>“sill</span> 
     </span>
     <span class='ocr_line' id='line_1_22' title="bbox 140 2756 1356 2858; baseline 0.001 -22"><span class='ocrx_word' id='word_1_149' title='bbox 140 2782 253 2851; x_wconf 88' lang='lat' dir='ltr'>mare,</span> <span class='ocrx_word' id='word_1_150' title='bbox 288 2783 402 2858; x_wconf 90' lang='lat' dir='ltr'>regno</span> <span class='ocrx_word' id='word_1_151' title='bbox 424 2759 489 2858; x_wconf 83' lang='lat' dir='ltr'>ipsi</span> <span class='ocrx_word' id='word_1_152' title='bbox 513 2783 579 2858; x_wconf 84' lang='lat' dir='ltr'>per</span> <span class='ocrx_word' id='word_1_153' title='bbox 602 2759 767 2835; x_wconf 85' lang='lat' dir='ltr'>vexillum</span> <span class='ocrx_word' id='word_1_154' title='bbox 797 2760 952 2847; x_wconf 87' lang='lat' dir='ltr'>donato,</span> <span class='ocrx_word' id='word_1_155' title='bbox 983 2756 1078 2832; x_wconf 77' lang='lat' dir='ltr'>simul</span> <span class='ocrx_word' id='word_1_156' title='bbox 1101 2756 1278 2836; x_wconf 91' lang='lat' dir='ltr'>Ducatum</span> <span class='ocrx_word' id='word_1_157' title='bbox 1304 2766 1356 2837; x_wconf 87' lang='lat' dir='ltr'>A·</span> 
     </span>
     <span class='ocr_line' id='line_1_23' title="bbox 139 2853 1356 2959; baseline 0.001 -27"><span class='ocrx_word' id='word_1_158' title='bbox 139 2859 271 2959; x_wconf 77' lang='lat' dir='ltr'>peliae,</span> <span class='ocrx_word' id='word_1_159' title='bbox 311 2880 353 2931; x_wconf 87' lang='lat' dir='ltr'>ac</span> <span class='ocrx_word' id='word_1_160' title='bbox 375 2856 609 2952; x_wconf 83' lang='lat' dir='ltr'>Principetum</span> <span class='ocrx_word' id='word_1_161' title='bbox 632 2857 788 2953; x_wconf 80' lang='lat' dir='ltr'>Capuae,</span> <span class='ocrx_word' id='word_1_162' title='bbox 828 2854 894 2952; x_wconf 88' lang='lat' dir='ltr'>ipsr</span> <span class='ocrx_word' id='word_1_163' title='bbox 925 2872 963 2927; x_wconf 86' lang='lat' dir='ltr'>et</span> <span class='ocrx_word' id='word_1_164' title='bbox 995 2853 1203 2927; x_wconf 76' lang='lat' dir='ltr'>haeredibus</span> <span class='ocrx_word' id='word_1_165' title='bbox 1224 2877 1356 2933; x_wconf 89' lang='lat' dir='ltr'>conce·</span> 
     </span>
     <span class='ocr_line' id='line_1_24' title="bbox 140 2949 1434 3049; baseline 0 -20"><span class='ocrx_word' id='word_1_166' title='bbox 140 2955 240 3043; x_wconf 84' lang='lat' dir='ltr'>dere,</span> <span class='ocrx_word' id='word_1_167' title='bbox 270 2970 429 3028; x_wconf 86' lang='lat' dir='ltr'>attamen</span> <span class='ocrx_word' id='word_1_168' title='bbox 455 2953 517 3028; x_wconf 90' lang='lat' dir='ltr'>sub</span> <span class='ocrx_word' id='word_1_169' title='bbox 539 2951 762 3042; x_wconf 78' lang='lat' dir='ltr'>conditione,</span> <span class='ocrx_word' id='word_1_170' title='bbox 804 2970 843 3026; x_wconf 90' lang='lat' dir='ltr'>nt</span> <span class='ocrx_word' id='word_1_171' title='bbox 866 2951 966 3046; x_wconf 80' lang='lat' dir='ltr'>Papis</span> <span class='ocrx_word' id='word_1_172' title='bbox 995 2949 1097 3020; x_wconf 86' lang='lat' dir='ltr'>fieret</span> <span class='ocrx_word' id='word_1_173' title='bbox 1129 2949 1355 3049; x_wconf 83' lang='lat' dir='ltr'>homagium,</span> <span class='ocrx_word' id='word_1_174' title='bbox 1429 2966 1434 2976; x_wconf 86' lang='lat'><em>&#39;</em></span> 
     </span>
     <span class='ocr_line' id='line_1_25' title="bbox 139 3045 1357 3144; baseline -0.001 -18"><span class='ocrx_word' id='word_1_175' title='bbox 139 3071 176 3126; x_wconf 69' lang='grc' dir='ltr'><em>κ</em></span> <span class='ocrx_word' id='word_1_176' title='bbox 194 3047 382 3125; x_wconf 74' lang='lat' dir='ltr'>lidelimtia</span> <span class='ocrx_word' id='word_1_177' title='bbox 406 3049 663 3144; x_wconf 88' lang='lat' dir='ltr'>jurameutum,</span> <span class='ocrx_word' id='word_1_178' title='bbox 698 3071 778 3123; x_wconf 87' lang='lat' dir='ltr'>cum</span> <span class='ocrx_word' id='word_1_179' title='bbox 803 3047 909 3122; x_wconf 89' lang='lat' dir='ltr'>censu</span> <span class='ocrx_word' id='word_1_180' title='bbox 941 3067 1058 3117; x_wconf 88' lang='lat' dir='ltr'>annuo</span> <span class='ocrx_word' id='word_1_181' title='bbox 1082 3051 1154 3117; x_wconf 86' lang='lat'>600</span> <span class='ocrx_word' id='word_1_182' title='bbox 1179 3045 1357 3124; x_wconf 89' lang='lat' dir='ltr'>schusato·</span> 
     </span>
     <span class='ocr_line' id='line_1_26' title="bbox 137 3139 1357 3248; baseline -0.001 -27"><span class='ocrx_word' id='word_1_183' title='bbox 137 3167 232 3237; x_wconf 87' lang='lat' dir='ltr'>rum;</span> <span class='ocrx_word' id='word_1_184' title='bbox 274 3143 365 3220; x_wconf 85' lang='lat' dir='ltr'>teste</span> <span class='ocrx_word' id='word_1_185' title='bbox 388 3146 577 3241; x_wconf 88' lang='lat' dir='ltr'>diplomate</span> <span class='ocrx_word' id='word_1_186' title='bbox 598 3142 689 3240; x_wconf 88' lang='lat' dir='ltr'>apud</span> <span class='ocrx_word' id='word_1_187' title='bbox 714 3144 911 3217; x_wconf 86' lang='lat' dir='ltr'>Batonium.</span> <span class='ocrx_word' id='word_1_188' title='bbox 958 3139 1072 3248; x_wconf 83' lang='lat' dir='ltr'>Quam</span> <span class='ocrx_word' id='word_1_189' title='bbox 1096 3163 1242 3236; x_wconf 88' lang='lat' dir='ltr'>pacem,</span> <span class='ocrx_word' id='word_1_190' title='bbox 1280 3166 1357 3222; x_wconf 89' lang='lat' dir='ltr'>non</span> 
     </span>
     <span class='ocr_line' id='line_1_27' title="bbox 135 3234 1359 3351; baseline -0.002 -33"><span class='ocrx_word' id='word_1_191' title='bbox 135 3241 317 3331; x_wconf 77' lang='lat' dir='ltr'>obstante,</span> <span class='ocrx_word' id='word_1_192' title='bbox 350 3240 444 3338; x_wconf 89' lang='lat' dir='ltr'>quod</span> <span class='ocrx_word' id='word_1_193' title='bbox 467 3241 511 3316; x_wconf 91' lang='lat' dir='ltr'>ad</span> <span class='ocrx_word' id='word_1_194' title='bbox 540 3237 874 3351; x_wconf 22' lang='lat' dir='ltr'>eamqfrangendam</span> <span class='ocrx_word' id='word_1_195' title='bbox 901 3234 1006 3309; x_wconf 87' lang='lat' dir='ltr'>luent</span> <span class='ocrx_word' id='word_1_196' title='bbox 1035 3236 1244 3314; x_wconf 78' lang='lat' dir='ltr'>aRomanir</span> <span class='ocrx_word' id='word_1_197' title='bbox 1263 3239 1359 3317; x_wconf 89' lang='lat' dir='ltr'>inci·</span> 
     </span>
     <span class='ocr_line' id='line_1_28' title="bbox 136 3330 1353 3537; baseline -0.001 -27"><span class='ocrx_word' id='word_1_198' title='bbox 136 3333 402 3511; x_wconf 49' lang='lat' dir='ltr'>ffiuddnieiidied</span> <span class='ocrx_word' id='word_1_199' title='bbox 419 3330 1353 3537; x_wconf 46' lang='grc' dir='ltr'>οἱοὲῇίῗὲἔὲῑέοἫὶῆὲεῧῖἱαξέηςιαίζεὲἓῗωιᾚ</span> 
     </span>
     <span class='ocr_line' id='line_1_29' title="bbox 137 3522 1351 3622; baseline -0.004 -15"><span class='ocrx_word' id='word_1_200' title='bbox 137 3533 225 3607; x_wconf 85' lang='lat' dir='ltr'>Cum</span> <span class='ocrx_word' id='word_1_201' title='bbox 247 3529 365 3620; x_wconf 83' lang='lat' dir='ltr'>enim,</span> <span class='ocrx_word' id='word_1_202' title='bbox 405 3528 592 3620; x_wconf 83' lang='lat' dir='ltr'>Alberico,</span> <span class='ocrx_word' id='word_1_203' title='bbox 630 3525 824 3601; x_wconf 86' lang='lat' dir='ltr'>Bituriense</span> <span class='ocrx_word' id='word_1_204' title='bbox 849 3522 1146 3620; x_wconf 84' lang='lat' dir='ltr'>Archrepiscopo,</span> <span class='ocrx_word' id='word_1_205' title='bbox 1187 3547 1351 3622; x_wconf 86' lang='lat' dir='ltr'>mortuo,</span> 
     </span>
     <span class='ocr_line' id='line_1_30' title="bbox 136 3619 1349 3720; baseline -0.007 -16"><span class='ocrx_word' id='word_1_206' title='bbox 136 3627 210 3720; x_wconf 79' lang='lat' dir='ltr'>elii,</span> <span class='ocrx_word' id='word_1_207' title='bbox 251 3622 501 3707; x_wconf 85' lang='lat' dir='ltr'>consentiente</span> <span class='ocrx_word' id='word_1_208' title='bbox 535 3625 669 3720; x_wconf 84' lang='lat' dir='ltr'>Rege,</span> <span class='ocrx_word' id='word_1_209' title='bbox 710 3624 843 3698; x_wconf 86' lang='lat' dir='ltr'>vellent</span> <span class='ocrx_word' id='word_1_210' title='bbox 868 3620 1060 3694; x_wconf 89' lang='lat' dir='ltr'>Cadurcum</span> <span class='ocrx_word' id='word_1_211' title='bbox 1094 3619 1349 3718; x_wconf 79' lang='lat' dir='ltr'>successorem,</span> 
     </span>
     <span class='ocr_line' id='line_1_31' title="bbox 135 3716 1349 3818; baseline -0.006 -16"><span class='ocrx_word' id='word_1_212' title='bbox 135 3725 189 3802; x_wconf 76' lang='lat' dir='ltr'>ulii</span> <span class='ocrx_word' id='word_1_213' title='bbox 209 3725 353 3800; x_wconf 85' lang='lat' dir='ltr'>Petrum</span> <span class='ocrx_word' id='word_1_214' title='bbox 381 3722 554 3818; x_wconf 87' lang='lat' dir='ltr'>aliquem,</span> <span class='ocrx_word' id='word_1_215' title='bbox 580 3721 690 3814; x_wconf 91' lang='lat' dir='ltr'>Papa,</span> <span class='ocrx_word' id='word_1_216' title='bbox 714 3719 819 3814; x_wconf 90' lang='lat' dir='ltr'>Rege</span> <span class='ocrx_word' id='word_1_217' title='bbox 835 3716 971 3805; x_wconf 85' lang='lat' dir='ltr'>invito,</span> <span class='ocrx_word' id='word_1_218' title='bbox 999 3716 1349 3814; x_wconf 86' lang='lat' dir='ltr'>huncconsecravit,</span> 
     </span>
     <span class='ocr_line' id='line_1_32' title="bbox 137 3809 1352 3911; baseline -0.003 -13"><span class='ocrx_word' id='word_1_219' title='bbox 137 3821 325 3898; x_wconf 72' lang='lat' dir='ltr'>Cadurcum</span> <span class='ocrx_word' id='word_1_220' title='bbox 358 3816 457 3894; x_wconf 89' lang='lat' dir='ltr'>omni</span> <span class='ocrx_word' id='word_1_221' title='bbox 481 3813 721 3891; x_wconf 86' lang='lat' dir='ltr'>Ecclesiastico</span> <span class='ocrx_word' id='word_1_222' title='bbox 752 3814 888 3907; x_wconf 84' lang='lat' dir='ltr'>honore</span> <span class='ocrx_word' id='word_1_223' title='bbox 924 3809 1089 3908; x_wconf 87' lang='lat' dir='ltr'>privavit.</span> <span class='ocrx_word' id='word_1_224' title='bbox 1138 3809 1243 3911; x_wconf 81' lang='lat' dir='ltr'>Quod</span> <span class='ocrx_word' id='word_1_225' title='bbox 1269 3839 1352 3894; x_wconf 89' lang='lat' dir='ltr'>cum</span> 
     </span>
     <span class='ocr_line' id='line_1_33' title="bbox 124 3906 1350 4018; baseline -0.003 -27"><span class='ocrx_word' id='word_1_226' title='bbox 124 3915 213 3993; x_wconf 80' lang='lat' dir='ltr'>&#39;Rex</span> <span class='ocrx_word' id='word_1_227' title='bbox 234 3940 340 4018; x_wconf 85' lang='lat' dir='ltr'>aegre</span> <span class='ocrx_word' id='word_1_228' title='bbox 360 3916 497 4003; x_wconf 84' lang='lat' dir='ltr'>ferret,</span> <span class='ocrx_word' id='word_1_229' title='bbox 532 3932 600 3986; x_wconf 90' lang='lat' dir='ltr'>nec</span> <span class='ocrx_word' id='word_1_230' title='bbox 624 3913 767 3987; x_wconf 91' lang='lat' dir='ltr'>Petrum</span> <span class='ocrx_word' id='word_1_231' title='bbox 791 3908 950 4004; x_wconf 89' lang='lat' dir='ltr'>recipere</span> <span class='ocrx_word' id='word_1_232' title='bbox 973 3906 1147 3996; x_wconf 89' lang='lat' dir='ltr'>voluerit,</span> <span class='ocrx_word' id='word_1_233' title='bbox 1180 3911 1350 3987; x_wconf 85' lang='lat' dir='ltr'>interdic·</span> 
     </span>
     <span class='ocr_line' id='line_1_34' title="bbox 123 4003 1347 4180; baseline -0.014 -84"><span class='ocrx_word' id='word_1_234' title='bbox 123 4030 178 4096; x_wconf 77' lang='lat' dir='ltr'>,to</span> <span class='ocrx_word' id='word_1_235' title='bbox 198 4038 334 4118; x_wconf 81' lang='lat' dir='ltr'>quoque</span> <span class='ocrx_word' id='word_1_236' title='bbox 358 4007 468 4112; x_wconf 76' lang='lat' dir='ltr'>regni</span> <span class='ocrx_word' id='word_1_237' title='bbox 491 4004 660 4106; x_wconf 87' lang='lat' dir='ltr'>introitu,</span> <span class='ocrx_word' id='word_1_238' title='bbox 699 4008 790 4180; x_wconf 57' lang='lat' dir='ltr'>liapa</span> <span class='ocrx_word' id='word_1_239' title='bbox 821 4026 903 4082; x_wconf 82' lang='lat' dir='ltr'>mox</span> <span class='ocrx_word' id='word_1_240' title='bbox 926 4004 1093 4080; x_wconf 71' lang='lat' dir='ltr'>intrrdtile</span> <span class='ocrx_word' id='word_1_241' title='bbox 1116 4003 1211 4084; x_wconf 88' lang='lat' dir='ltr'>sacro</span> <span class='ocrx_word' id='word_1_242' title='bbox 1234 4007 1347 4118; x_wconf 75' lang='lat' dir='ltr'>subje-</span> 
     </span>
    </p>

    <p class='ocr_par' dir='ltr' id='par_1_4' title="bbox 751 4120 1390 4197">
     <span class='ocr_line' id='line_1_35' title="bbox 751 4120 1390 4197; baseline -0.003 -24"><span class='ocrx_word' id='word_1_243' title='bbox 751 4125 776 4197; x_wconf 74' lang='grc'><strong>4</strong></span> <span class='ocrx_word' id='word_1_244' title='bbox 1301 4120 1353 4179; x_wconf 72' lang='lat' dir='ltr'>eit</span> <span class='ocrx_word' id='word_1_245' title='bbox 1385 4142 1390 4171; x_wconf 59' lang='lat'>⁸.</span> 
     </span>
    </p>
   </div>
   <div class='ocr_carea' id='block_1_3' title="bbox 0 0 1516 4806">
    <p class='ocr_par' dir='ltr' id='par_1_5' title="bbox 0 0 1516 4806">
     <span class='ocr_line' id='line_1_36' title="bbox 0 0 1516 4806; baseline 0 6"><span class='ocrx_word' id='word_1_246' title='bbox 0 0 1516 4806; x_wconf 95' lang='lat' dir='ltr'> </span> 
     </span>
    </p>
   </div>
  </div>
 </body>
</html>
