3022 4806
665 567 773 650 &cal
799 492 901 651 xm.
1161 571 1167 580 “
1312 589 1390 684 ⁶09

154 748 345 842 consensor
368 747 411 825 ad
433 765 615 826 externam
638 749 794 848 speciem
817 695 1014 849 adpareret.
1057 751 1225 855 Episcopi
1258 777 1377 845 autera

154 851 202 928 nd
225 849 411 945 ungulares
439 849 518 922 illos
544 867 668 922 coetus
692 846 797 924 electi
826 848 925 937 sunt,
958 850 1021 947 qui
1043 851 1190 950 Legatia
1222 857 1376 934 maxime

153 966 257 1024 erant
281 947 427 1032 devoti,
452 966 537 1019 mox
561 943 626 1041 ipsr
651 943 775 1038 Legati
803 965 871 1019 nna
893 949 1154 1023 conveniebant
1180 970 1216 1026 et
1243 954 1377 1033 delibe-

149 1046 285 1120 rabant.
331 1040 486 1114 lnstituti
511 1058 627 1115 autern
651 1041 729 1114 sunt
753 1059 878 1116 coetus
899 1037 970 1132 illi,
995 1062 1034 1118 ut
1058 1044 1237 1140 Synodum
1254 1047 1376 1127 secun·

152 1142 256 1214 dum·
272 1137 327 1212 sua
356 1135 487 1232 piacita
521 1135 656 1210 facilius
687 1136 840 1232 dirigere
876 1135 1015 1230 possent
1061 1140 1214 1235 Legati,
1255 1150 1375 1221 turbae

155 1232 449 1334 praeveniantur,
481 1250 520 1304 ct
551 1254 596 1306 ne
626 1234 703 1329 quis
733 1235 929 1328 eloquentia
961 1236 1017 1310 sua
1048 1239 1289 1330 praevaleret,
1330 1266 1372 1317 ac

152 1334 288 1407 animoa
320 1328 508 1403 divideret.
557 1328 700 1425 Duplex
732 1351 838 1424 porro
874 1326 941 1421 fuit
972 1329 1010 1404 in
1036 1330 1139 1405 initio
1162 1334 1371 1431 disceptatio

148 1451 195 1503 et
216 1425 456 1511 concertatio,
481 1444 548 1497 una
571 1425 615 1497 de
633 1422 737 1498 titulo
756 1422 909 1520 Synodi,
935 1425 1059 1515 altera,
1084 1448 1204 1506 numa
1226 1430 1372 1530 dogma·

152 1546 230 1600 tum
255 1520 486 1607 definitione,
527 1542 571 1593 an
604 1542 740 1593 morum
776 1519 1048 1608 reformatione,
1081 1524 1234 1619 auspicia
1258 1529 1372 1606 client

152 1620 329 1696 sumenda.
378 1615 503 1690 Titulo
520 1613 554 1688 in
572 1613 751 1711 principio
775 1614 957 1711 proposito
966 1671 977 1706 ,
1004 1621 1244 1696 Sacro-Santra
1268 1631 1371 1721 Syrte.

146 1720 235 1806 dos,
260 1712 426 1808 Episcopi
452 1710 646 1786 addendum
672 1709 742 1784 elie
759 1711 934 1798 urserunt,
959 1712 1172 1807 universalem
1186 1723 1371 1816 repraesen-

150 1834 231 1889 tans
255 1806 454 1902 Ecclestnm,
486 1830 505 1879 a
530 1830 599 1902 quo
624 1805 766 1904 Legati,
797 1827 835 1881 et
861 1825 1036 1903 quotquot
1060 1809 1170 1906 Papae
1193 1834 1287 1886 erant
1309 1820 1371 1891 de·

148 1910 253 1999 voti,
278 1905 552 1994 abhorruerunt,
579 1905 670 1999 quod
694 1903 854 1998 Synodut
877 1924 916 1975 ea
940 1902 1079 1977 ratione
1103 1908 1283 1995 videretur
1305 1914 1369 1989 Pa·

148 2004 206 2102 pis
237 1998 415 2100 praeferri.
464 2001 535 2074 Res
566 2021 613 2072 eo
637 2000 783 2071 tandem
813 1997 863 2071 est
886 1999 1050 2088 adduila,
1075 2019 1114 2075 ut
1136 2025 1200 2098 per
1223 2004 1369 2102 singulae

144 2099 312 2178 seffiones
336 2098 537 2169 scriberetur
561 2093 597 2167 in
623 2093 727 2169 aclis:
753 2095 854 2168 Sacro
870 2091 984 2181 sanda
1016 2101 1218 2175 oecumenica
1252 2120 1284 2175 et
1306 2128 1369 2198 ge·

145 2200 272 2273 neralis
304 2193 493 2266 Tridentino
524 2190 690 2286 synodus,
721 2192 756 2262 in
779 2190 905 2283 Spiritu
921 2190 957 2263 S.
982 2191 1125 2283 legitime
1147 2209 1368 2295 congregata,

142 2290 401 2391 praefidentibus
427 2294 460 2361 itt
482 2311 522 2360 en
549 2285 748 2381 Apollodoro
771 2285 864 2382 sedis
894 2285 1048 2379 Ligarii·
1066 2306 1134 2363 etc.
1184 2292 1287 2390 Quod
1320 2298 1366 2373 ad

140 2388 305 2486 posserius
335 2385 489 2472 adtinet,
514 2385 567 2455 Le
614 2382 662 2472 ti,
694 2401 732 2456 et
754 2382 811 2477 qui
832 2379 897 2456 illia
918 2381 1170 2475 adhaerebant,
1195 2389 1293 2484 priua
1316 2392 1364 2470 de

127 2487 234 2586 fide,
257 2482 363 2572 dein,
387 2477 537 2555 decretis
558 2477 618 2550 ilit
641 2476 823 2568 absolutis,
846 2477 891 2551 de
912 2478 1147 2567 moribus-esse
1170 2485 1364 2584 agendum,

142 2579 430 2666 contenderunt,
455 2576 526 2648 hoc
541 2569 672 2647 scilicet
688 2571 814 2670 scopo,
841 2593 880 2646 ut
903 2597 1042 2648 morum
1066 2576 1275 2654 reformatio
1290 2587 1364 2658 elu-

145 2682 310 2763 deretur;
351 2674 408 2748 sed
430 2694 451 2744 a
480 2669 634 2745 moribus
657 2666 727 2744 effe
749 2668 956 2745 ordiendum
983 2671 1169 2745 voluerunt
1195 2674 1363 2774 Episcopi

145 2773 315 2858 Caesaris,
341 2787 380 2841 ut
393 2767 599 2855 haereticis,
622 2765 660 2839 in
678 2766 801 2840 abusus
825 2764 977 2837 maxime
1000 2763 1290 2859 declamantibus,
1322 2795 1365 2850 oa

143 2867 400 2948 occluderetur.
451 2863 630 2949 Quaenam
648 2883 735 2934 vero
755 2857 973 2932 reformanda
994 2859 1192 2934 censuerint
1216 2863 1362 2942 Germa·

143 2969 185 3045 oi
201 2958 574 3041 catholico-Romani,
611 2974 648 3028 et
674 2954 881 3028 Fcrdinandi
907 2951 1059 3028 Caesaris
1073 2955 1257 3049 Oratores,
1299 2984 1363 3038 ex.

143 3063 250 3140 hibet
282 3056 477 3133 Schelhotn
501 3052 669 3128 amoenit.
700 3049 780 3124 hist.
807 3048 936 3125 Eccles.
963 3068 1047 3124 tom.
1072 3051 1101 3125 1.
1153 3054 1361 3137 Conclusurn

138 3158 295 3254 denique
315 3152 388 3241 est,
422 3169 461 3223 ut
483 3148 565 3224 sidei
592 3166 629 3221 et
650 3145 907 3221 reformationis
939 3144 1100 3220 tractatio
1128 3152 1362 3251 conjungere·

142 3274 215 3332 tur.
261 3254 304 3325 sn
327 3273 397 3345 quo
419 3248 528 3342 Papa,
552 3242 611 3340 qui
635 3245 776 3339 Legatis
798 3243 940 3317 dederat
965 3242 1212 3332 sonandam,
1240 3269 1279 3322 ut
1303 3275 1361 3328 ret

140 3347 232 3428 fidei
251 3343 497 3443 praecederet,
522 3340 659 3414 tandem
684 3338 823 3413 coactus
844 3337 893 3411 est
917 3337 1146 3434 acquiescere.
1193 3342 1278 3420 Hoc
1293 3347 1362 3426 ita·

139 3468 215 3546 que
248 3441 372 3517 ordine
395 3435 544 3532 lingulae
568 3435 734 3508 materiae
756 3433 987 3531 pertradlatae
1015 3433 1105 3508 sunt.

198 3540 229 3636 §.
254 3536 426 3625 DLVIlI.
451 3535 491 3605 In
517 3529 632 3628 specie
663 3530 799 3604 adverti
837 3529 966 3618 velim,
999 3528 1118 3603 omnia
1148 3529 1185 3607 in
1217 3536 1363 3634 synodo

140 3635 248 3718 fuisse
267 3636 309 3709 ad
328 3652 472 3718 nutum,
496 3649 534 3700 et
558 3628 744 3702 secundum
761 3624 942 3700 arbitrium
962 3626 1100 3723 Papae,
1125 3635 1265 3725 peracla
1295 3659 1362 3727 per

132 3739 321 3831 Legatos,
345 3728 407 3826 qui
432 3723 577 3820 duplicia
604 3722 746 3817 generis
770 3719 1021 3798 instructiones
1046 3721 1241 3818 habebant,
1273 3730 1363 3804 alte·

147 3855 203 3906 raa
221 3826 400 3926 publicas,
427 3843 510 3920 quas
527 3817 682 3892 concilio
697 3816 882 3893 ostendere
905 3835 1091 3915 poterant,
1122 3821 1245 3897 alterat
1269 3847 1363 3911 arca,-

135 3947 230 4004 aras,
263 3946 346 4018 quat
368 3918 429 3995 srbi
462 3915 695 3990 reservabant.
744 3914 850 3988 Unde
883 3912 986 3990 facile
1016 3914 1200 4005 elucescit,
1234 3918 1364 4007 litterar

143 4020 186 4098 in
219 4018 392 4099 Vaticana
421 4010 644 4097 Bibliotheca
675 4007 886 4102 adservatae,
923 4027 965 4097 ‚et
991 4031 1020 4099 a,
1039 4008 1279 4104 Palavicmo·2
1308 4039 1369 4109 ro·-

124 4113 376 4203 ΛΜ.
694 4104 837 4183 uara
1077 4098 1083 4115 “
1230 4039 1459 4524 obal
