3022 4806
133 643 180 758 ῃ
531 645 680 742 miserie
700 647 831 751 Eccles.
858 647 974 753 Cirris.

134 829 256 915 semoti
284 830 423 906 Tomae
445 826 611 920 Beccetl,
636 830 694 905 vel
720 827 991 925 cantuariensis,
1013 831 1062 910 de
1082 851 1155 932 quo
1174 811 1273 933 post,

138 955 210 1012 tam
234 925 454 1026 composuit,
486 922 546 999 sed
565 927 737 1002 celebrior
761 925 832 1018 est,
856 949 894 1003 er
910 951 957 1003 eo
975 929 1157 1005 nominee
1207 930 1296 1008 noso

135 1032 219 1117 dus,
245 1021 398 1124 perella
423 1042 551 1119 opera,
582 1042 621 1098 ut
641 1021 834 1120 Epistulae,
867 1023 1094 1102 commentor.
1120 1024 1158 1100 in
1212 1024 1296 1123 pist<

137 1126 254 1212 Pauli,
294 1140 331 1193 et
355 1118 393 1193 in
417 1117 540 1218 primis
570 1140 635 1216 per
659 1120 912 1286 polycratitum,
952 1125 1012 1201 seu
1037 1124 1162 1200 librum
1186 1125 1231 1197 de
1255 1150 1295 1200 nrt

135 1221 328 1305 curialium,
359 1233 392 1288 et
424 1214 504 1310 nelli
527 1216 568 1324 t'ir
592 1215 656 1289 Pln'
669 1216 860 1313 osoplterure.
908 1217 950 1292 In
980 1241 1051 1316 quo
1074 1220 1295 1318 de-occupat

136 1323 237 1395 nibus
263 1310 379 1403 vanis,
403 1310 493 1384 deo
531 1311 616 1403 crie,
642 1313 853 1404 virtutibur,
877 1333 915 1386 et
947 1314 1045 1389 vitiit
1065 1315 1289 1411 secularium,

137 1412 258 1514 primis
284 1405 508 1502 Principum,
533 1407 714 1506 eleganter
734 1405 873 1484 disserit.
922 1411 1003 1484 Fuit
1025 1410 1168 1484 natione
1193 1410 1295 1526 Angli

137 1505 295 1604 apertio
318 1501 578 1578 sarisberiensi
609 1503 741 1592 didius,
776 1504 930 1580 motibus
964 1506 1103 1580 Tomoe
1128 1508 1276 1584 Beccerr

138 1598 647 1777 intentionenr
671 1598 1089 1793 ttlttll‘zli
1106 1601 1186 1771 Pil*
1204 1604 1295 1777 lit}

136 1798 267 1872 iterum
291 1790 488 1888 profertur,
514 1790 709 1887 Episcopus
732 1774 951 1867 carnotense
973 1792 1011 1867 in
1036 1792 1222 1868 Provincia
1243 1797 1295 1871 Su

27 1928 30 1941 ·
139 1891 235 1967 nensr
262 1885 370 1962 netur
395 1883 465 1974 est,
506 1906 544 1960 et
567 1888 710 1982 Synodo
734 1887 953 1961 Lateranensr
986 1912 1018 1962 u.
1048 1910 1153 1982 1179.
1177 1887 1295 1968 iuterft

139 1984 361 2065 Acerrimum
385 1978 524 2078 quidem
545 1981 741 2077 Majestatis
757 1983 968 2056 Pontificiee
991 1983 1063 2057 sese
1080 1984 1255 2095 praestitit
1271 2010 1294 2086 p

139 2100 395 2183 pugnatorem,
437 2075 495 2150 sed
521 2095 557 2151 et
589 2075 756 2152 vitiorum
789 2097 826 2150 et
857 2079 1040 2168 abusuum,
1080 2077 1183 2173 ipsiur
1215 2107 1294 2180 quot

135 2185 238 2258 culae
255 2171 406 2273 Pepelis,
425 2172 643 2249 liberrimum
664 2175 854 2248 censorem.
881 2173 968 2250 Vid.
987 2178 1023 2247 in
1038 2175 1161 2271 primie
1175 2176 1294 2276 Polycr

132 2279 165 2352 -l.
192 2276 259 2348 VI.
284 2294 315 2346 c.
337 2292 399 2358 24.
457 2273 554 2342 luter
578 2270 767 2364 paradoxas
795 2270 869 2362 ejus
892 2269 1098 2365 opiniones,
1123 2274 1160 2345 iu
1187 2270 1280 2349 libro

141 2373 260 2469 sperat.
284 2363 429 2461 sparsas,
455 2362 525 2450 est,
560 2360 764 2456 Tyrannum
788 2363 885 2437 licite
902 2384 938 2437 et
954 2366 1075 2440 debite
1094 2367 1207 2441 occidi
1230 2392 1294 2469 aqi

134 2485 308 2560 tuaque,
331 2456 438 2530 niodo
465 2478 535 2530 non
561 2457 601 2529 stt
621 2456 655 2529 ei
675 2459 877 2553 juramento
907 2460 1112 2551 obstriclust
1151 2463 1294 2564 Princip

141 2580 252 2660 porro
274 2559 316 2630 ab
335 2551 486 2626 Ecclesia
503 2550 678 2649 accepisse
696 2555 797 2650 gladii
821 2555 937 2642 usum,
973 2575 1007 2628 et
1035 2558 1109 2631 vim
1138 2557 1294 2637 coafflva

142 2658 299 2822 adcopue
327 2649 363 2722 in
390 2649 462 2742 ejus
485 2648 659 2721 exercitio
686 2650 875 2725 ministrum
903 2651 972 2727 ell'e
995 2653 1232 2743 sacerdotum,
1257 2676 1294 2734 et

141 2752 211 2831 illis
257 2744 449 2846 ependere,
481 2744 570 2815 adeo
594 2765 631 2818 ut
658 2744 825 2840 potestate
848 2750 890 2820 ab
918 2749 961 2821 iit
977 2749 1109 2843 privari
1127 2751 1240 2846 possit.
1287 2768 1294 2822 t

140 2870 258 2924 terum
297 2845 391 2916 inter
416 2837 576 2933 epistolas
607 2843 680 2935 ejus
712 2840 762 2913 est
792 2845 956 2916 notabilis
991 2864 1070 2936 172·
1103 2847 1144 2919 ed
1180 2849 1295 2927 Comit

70 2976 74 2987 ·
142 2941 364 3027 Henricum,
398 2960 463 3032 qua
488 2936 595 3010 libror
619 2938 811 3011 canonicor
837 2940 884 3013 V.
911 2960 947 3011 et
971 2937 1022 3011 N.
1049 2941 1146 3019 Test.
1173 2949 1293 3022 recens

141 3040 279 3118 secutus
304 3036 573 3128 Hieronymum.
623 3036 679 3108 De
700 3036 734 3107 Τ
737 3035 835 3124 obia,
859 3036 1000 3132 Juditlt,
1026 3052 1061 3107 et
1096 3039 1185 3113 libro
1211 3039 1293 3119 Mat

142 3141 306 3212 boeotum
331 3128 435 3216 dicit,
480 3152 532 3201 eut
565 3134 599 3203 in
624 3155 744 3205 conone
768 3156 828 3204 non
858 3130 920 3226 effe
954 3149 1096 3228 receptor
1120 3170 1173 3189 -
1198 3163 1253 3193 -ι

143 3251 272 3316 tomen,
297 3228 333 3299 in
361 3225 431 3314 uit,
457 3226 550 3315 fidem
576 3244 607 3299 et
634 3230 816 3324 religionem
835 3227 1028 3322 aedificant,
1050 3235 1106 3323 pie
1123 3165 1293 3334 odnrifflst

143 3333 324 3404 Praeterea
376 3323 454 3394 aulo
481 3323 650 3397 adtribuit
675 3323 852 3419 epistolam
878 3326 1021 3399 XVtom
1038 3329 1078 3399 ad
1098 3329 1293 3408 Laodiceni

143 3429 219 3498 licet
246 3425 288 3493 ab
315 3423 460 3492 omnibus
484 3418 665 3513 explrffnot,
694 3420 794 3493 nixue
819 3439 951 3494 rantum
970 3420 1172 3498 testimonio
1191 3426 1293 3525 Apol

141 3521 217 3594 Col.
243 3516 311 3589 IV:
341 3521 396 3588 16.
450 3513 597 3587 Disserit
618 3538 757 3612 quoque
786 3517 830 3588 de
865 3516 1029 3589 librorum
1064 3518 1199 3596 illorum
1225 3544 1293 3598 auti

139 3620 227 3702 oue,
254 3631 291 3682 et
319 3609 374 3681 his
398 3608 609 3683 notabilibus
636 3613 754 3684 verbio
777 3611 976 3684 concludit:
1003 3611 1066 3708 sed
1082 3640 1162 3711 qnae
1184 3645 1262 3693 enea
1288 3663 1293 3694 .

133 3705 334 3811 serenrffinre
362 3706 520 3777 Domine!
562 3708 623 3778 lior
650 3724 745 3801 etque
769 3708 856 3778 allus
878 3711 914 3778 t'n
939 3708 1189 3805 investigatione·
1209 3731 1293 3790 attor

144 3806 302 3905 discutere
324 3805 504 3896 opiniones,
531 3825 602 3874 turn
633 3826 729 3874 unum
763 3804 897 3876 omnium
913 3801 1103 3896 sentierunt
1115 3808 1293 3907 scripturae

144 3900 262 4002 constet
288 3897 347 3994 effe
372 3897 517 3968 autorem
534 3897 688 3989 spiritum
698 3897 878 3990 sontium?
903 3900 1017 3989 aldit,
1042 3927 1087 3976 ex
1104 3897 1281 4004 Gregorio

143 4008 178 4078 in
202 3997 395 4080 moralibus,
429 3995 467 4064 de
481 3988 644 4086 scriptore
668 3997 746 4066 lilrri
776 3999 967 4086 postmodnm
1001 4023 1149 4092 quaerere
1173 4023 1292 4095 prtem

142 4101 206 4195 effi
230 4093 427 4178 studendum,
452 4085 543 4179 acst,
557 4113 645 4170 ,eum
679 4086 892 4186 descriptore
913 4111 1036 4166 eertum
1050 4091 1120 4186 fit,
1145 4098 1182 4168 de
1200 4091 1292 4175 solat

137 4214 197 4289 eno
219 4192 301 4263 liber
318 4187 465 4285 scriptus
492 4181 562 4286 est,
586 4186 765 4261 dubitetur.
1128 4191 1161 4293 §n
1186 4196 1292 4273 XXV
