3022 4806
134 623 176 691 15
182 607 203 673 ⁶
518 603 666 704 Historia
692 605 817 707 Eccsrs.
843 596 960 706 sinist.

130 778 224 856 inter
248 777 314 853 alia
340 775 536 879 fingularia,
560 806 649 878 quae
676 783 714 860 in
736 783 862 860 horum
887 783 1094 882 populorum
1113 771 1351 882 converfione

140 873 359 962 acciderunt,
399 874 491 950 lesio
520 879 639 970 utilia,
678 899 715 953 et
739 881 811 956 hoc
836 877 907 970 est,
947 875 1042 976 quod
1070 867 1287 948 stetinenses
1304 889 1351 977 ¹un

88 1047 90 1053 ,
142 971 246 1047 initio
262 968 558 1046 Christianismum
575 972 736 1068 recipere
752 973 942 1050 recusarint
965 976 1011 1047 ob
1030 991 1158 1068 pravor
1181 963 1353 1040 Christia-

141 1089 266 1164 norum
297 1087 418 1139 mores.
466 1066 572 1165 Apud
604 1067 825 1166 Chrestianus,
868 1068 1029 1165 inquiunt
1043 1065 1150 1162 'apud
1182 1060 1294 1136 Canis.
1327 1060 1353 1135 Ι.

143 1162 202 1237 cit.
228 1184 263 1256 p.
290 1168 346 1254 ⁶7·
361 1159 463 1256 furer
477 1169 581 1258 suar,
606 1166 746 1240 latrones
759 1166 864 1264 sunt,
887 1175 1081 1238 truncantur
1100 1159 1257 1255 prauus,
1280 1159 1353 1267 pri·

145 1256 405 1345 conturmalis,
445 1271 478 1328 er
505 1263 612 1333 omnia
634 1283 756 1355 genera
775 1261 936 1357 senserunt
960 1278 992 1332 et
1014 1278 1193 1353 poenarum.
1247 1246 1358 1348 corf·

141 1356 253 1453 sinaut
276 1347 448 1424 eiectatur
471 1353 697 1450 Christianum.—
741 1354 838 1443 Abstt
860 1380 882 1429 a
904 1356 994 1428 nobis
1018 1354 1130 1447 religio
1152 1349 1258 1423 talis!-

141 1535 148 1546 ,
193 1447 225 1546 s.
250 1444 451 1523 CXXXIV.
476 1446 634 1524 Litorium
657 1451 893 1526 conversionis
908 1449 1018 1547 prima
1028 1447 1119 1543 jecit
1141 1442 1355 1517 fundamen·

141 1559 184 1618 ‘ta
208 1538 436 1631 Meinardua,
476 1541 511 1618 si
538 1542 733 1642 ebergensir
754 1544 962 1635 canonicus,
993 1565 1074 1618 cum
1099 1537 1354 1621 mercatoribur

145 1634 405 1711 Lubecenfibus
430 1659 475 1712 eo
499 1568 648 1727 sciatur,
691 1639 751 1736 qui
783 1639 914 1716 socium
942 1641 980 1714 in
1002 1636 1073 1712 hoc
1097 1657 1210 1743 opere
1231 1632 1354 1723 habuit

143 1730 367 1822 Bertoldum,
394 1734 612 1809 Monachum
629 1732 914 1826 cisterciensem,
940 1752 977 1809 ct
1001 1733 1176 1808 Abantem
1199 1751 1238 1802 tn
1260 1730 1353 1827 Lucs¹

146 1848 207 1916 ca,
230 1828 286 1900 vel
312 1824 429 1915 Luka,
455 1827 667 1903 monasterio
689 1832 881 1916 Saroniaet
913 1851 952 1902 ut
974 1826 1083 1901 refert
1104 1840 1203 1900 autor
1222 1846 1351 1920 aequa·

4 1947 15 1965 .
144 1923 207 2017 lis,
241 1916 410 1994 Caesarius
434 1918 747 2014 Heisterbaceusra,
780 1924 945 2000 Miracui.
976 1927 999 1997 i.
1025 1923 1107 1996 VII.
1155 1917 1354 1994 Meinardo

146 2039 286 2114 quoque
310 2016 348 2089 iu
376 2015 591 2114 Episcopatu
615 2014 760 2131 Rigensr
784 2017 937 2094 successit
961 2016 1157 2105 Bertoldus,
1181 2015 1247 2107 sed,
1263 2013 1352 2115 Dux

35 2143 37 2146 ’
143 2111 1071 2285 assistatis.saissa?snasst‘us‘:
1093 2109 1352 2281 Xsssissssii

145 2325 213 2400 que
229 2302 351 2376 habuit
369 2301 572 2394 Albertum,
597 2263 815 2377 Bremeusem
832 2233 1078 2388 Canonscums
1095 2300 1175 2398 qui,
1194 2323 1276 2375 cun
1295 2301 1351 2379 iu·
1371 2320 1375 2327 '

142 2409 234 2506 'gens
254 2396 403 2467 militum
428 2418 547 2470 manus
572 2419 651 2470 eum
676 2398 792 2470 secuta
814 2395 920 2488 esset,
944 2420 1015 2470 rem
1044 2396 1179 2469 felicius
1196 2395 1247 2469 est
1263 2418 1351 2470 exe·

145 2507 258 2566 cutus.
297 2489 384 2586 Qua
406 2488 585 2562 occasrone
609 2489 697 2564 ordo
718 2491 953 2567 Ensiscrorum
980 2492 1032 2566 est
1055 2490 1241 2566 institutus.
1287 2493 1351 2567 De

145 2591 219 2679 ouo
242 2582 340 2676 supra
364 2604 384 2652 e
410 2579 435 2653 i.
488 2583 576 2658 Via
606 2585 782 2660 Arooldua
815 2588 1021 2663 Lubecensns
1054 2586 1092 2660 io
1121 2586 1354 2663 hist..Slavo·.

141 2689 223 2772 'rum
247 2677 306 2788 lib.
331 2604 474 2784 Vlffic.
500 2687 533 2759 8.
580 2680 678 2754 inter
705 2684 821 2756 Stans
855 2705 992 2779 quoque
1024 2683 1150 2775 religio
1180 2679 1349 2761 Christia-

147 2798 192 2870 na
213 2795 326 2871 magra
342 2771 517 2873 magisque
536 2795 729 2875 propagata
752 2775 804 2850 est
826 2802 892 2873 per
909 2776 1146 2867 Hartvicum,
1170 2776 1351 2851 Hambur·

145 2868 290 2946 ensem
316 2868 647 2966 Architpiscopum,
685 2871 744 2968 qui
765 2871 1118 2968 sedesEpiscopalet,
1151 2873 1348 2957 abarbarir,

146 2895 358 3053 fiestrufihs,
385 2962 640 3057 reaedificavit,
672 2988 832 3042 necnon
858 2968 1179 3062 perWiceiinum‚
1213 2966 1350 3059 Aldeuq

147 3056 352 3156 burgensem
373 3056 610 3156 Episcopum,
640 3061 699 3156 qui
716 3087 785 3161 per
813 3062 959 3158 triginta
985 3082 1093 3134 annos
1114 3060 1148 3132 in
1184 3061 1348 3139 Horatia

143 3153 287 3243 mansit,
323 3169 359 3227 et
382 3153 552 3264 plurimos
575 3158 713 3244 slavos,
746 3157 839 3231 circa
863 3159 1052 3231 Holsatiam
1075 3158 1265 3250 degentes,
1300 3157 1347 3241 ad

112 3248 397 3328 *Christianismi
447 3248 692 3342 professionem
738 3250 937 3346 compulit,
984 3251 1072 3326 Vid.
1115 3252 1351 3344 Helmoidua,

15 3356 24 3370 “
144 3346 207 3444 'qui
246 3345 347 3442 hujus
378 3342 548 3440 Wicelini
579 3342 646 3418 suit
682 3343 885 3440 discipulus,
930 3347 967 3420 in
1004 3347 1131 3419 chron.
1161 3347 1355 3433 Siavorum

140 3443 205 3519 sib.
228 3443 256 3516 I.
304 3442 488 3540 Ceterum,
520 3440 611 3534 quod
640 3442 751 3515 notari
776 3462 950 3532 merctur,
979 3444 1021 3514 ab
1044 3440 1119 3536 ipso
1151 3443 1257 3515 Duce
1289 3465 1352 3527 ac·,

146 3539 244 3635 cepit
277 3535 446 3636 inpositus
470 3558 531 3622 ηις
570 3535 662 3631 quod
693 3535 846 3634 alioquin
882 3537 1115 3631 inperatoriae
1150 3537 1352 3630 Majestatia

144 3651 219 3707 erat
247 3629 409 3727 privilegi
480 3685 492 3716 ,
524 3628 647 3706 frustra
671 3630 883 3706 dissuadente
904 3633 1091 3709 Hartvico
1141 3632 1232 3708 vid:
1255 3635 1351 3721 Hes,

141 3729 249 3804 mold.
272 3727 293 3800 l.
317 3724 379 3798 cit.
405 3747 437 3797 c.
459 3724 588 3798 LXIX.
613 3746 648 3798 et
668 3728 778 3800 LXX.
1348 3772 1355 3782 ·

192 3825 225 3926 ᾗ.
250 3819 434 3899 CXXXV.
458 3817 638 3913 Denique,
663 3841 906 3918 praeterquam
936 3823 1028 3919 quod
1052 3820 1352 3923 Archiepiscopa·

140 3947 201 4005 ωε
225 3917 295 3992 hoc
322 3914 438 3988 seculo
460 3911 595 4000 etesius
623 3913 683 4002 stt,
710 3935 784 3989 tum
807 3916 845 3992 io
872 3914 1076 4014 Norvegia,
1108 3918 1186 4000 sede
1214 3941 1350 3998 metro·

140 4014 284 4124 politica
306 4007 500 4123 constituta
530 4007 719 4102 Nidrofia,
755 4030 829 4089 tuto
864 4012 903 4125 iu
939 4013 1090 4107 Suetia,
1126 4014 1206 4102 sede
1233 4016 1366 4185 Llsepsffs

135 4174 140 4182 .
716 4163 717 4172 .
1283 4135 1305 4187 a
1340 4169 1355 4213 ,
