3022 4806
131 659 153 735 9
157 658 180 730 4
487 691 491 698 .
529 625 677 720 Historia
698 626 829 727 Eccles.
854 627 971 732 Ciuili.

184 813 215 912 ᾗ.
242 810 407 888 LXXXI.
450 807 563 911 Quam
601 809 774 894 caedem,
822 805 886 883 etii
919 805 996 907 ipso
1025 806 1135 886 inscio
1165 827 1206 885 et
1237 807 1358 887 invito

137 931 394 1011 perpetratam,
428 926 467 978 ut
492 901 565 1002 ipse
596 906 675 979 Rex
712 903 853 978 testatus
882 903 955 996 est,
986 925 1023 981 et
1057 905 1134 1002 ipso
1161 905 1261 982 ladio
1295 911 1360 982 de·

135 1004 360 1092 monstravit,
386 1026 488 1091 curn,
513 1002 538 1075 st
558 1023 680 1074 verum
697 1000 757 1088 stt,
783 999 877 1096 quud
893 1001 1034 1094 Hume,
1049 1003 1193 1099 inlignit
1210 1001 1359 1078 histori-

137 1130 218 1190 cus,
251 1104 287 1174 in
320 1097 400 1172 bist.
426 1099 576 1194 Angliae
608 1116 633 1171 t.
659 1099 688 1172 l.
714 1095 838 1184 refert,
871 1094 993 1171 liuissri
1016 1101 1138 1195 aliquid
1163 1120 1208 1173 ex
1233 1101 1360 1177 verbis

138 1202 245 1276 modo
261 1196 405 1291 prolatis
424 1195 630 1288 suspicatus,
661 1214 726 1289 per
744 1189 909 1266 nuncium
924 1194 1125 1271 satellitibus
1138 1190 1356 1290 injunxerit,

136 1320 181 1373 ne
204 1290 331 1387 aliquid
357 1310 479 1362 contra
504 1287 886 1375 Tomammoliantnr,
905 1291 1027 1385 gravi,
1050 1311 1089 1364 et
1103 1290 1358 1370 contumeliosa

135 1391 342 1474 admodum,
367 1384 589 1481 poenitentia
614 1386 709 1457 luere
730 1383 851 1457 debuit
873 1385 976 1457 mrler
998 1387 1101 1477 Rex,
1118 1406 1253 1461 tantum
1274 1388 1358 1486 quia

136 1483 347 1581 inprudente
380 1479 478 1554 dicio
518 1481 722 1576 praebuerat
765 1477 995 1556 occasionem.
1050 1481 1190 1578 Juravit
1228 1484 1356 1579 itaque

136 1602 255 1658 coram
281 1575 441 1671 Legatis,
475 1576 577 1650 taliis
599 1575 810 1670 euangeliis,
835 1574 869 1648 se
892 1581 1035 1652 caedem
1060 1599 1127 1651 nec
1154 1580 1353 1674 inperaffe,

139 1699 205 1752 nee
235 1673 458 1770 adproballe,
484 1673 559 1746 imo
583 1672 814 1744 vehementer
840 1671 1003 1766 doluille,
1040 1693 1195 1747 attamen
1230 1677 1354 1753 ansam

98 1847 106 1854 ,
135 1771 285 1856 dedisse,
319 1769 469 1865 ideoque
491 1769 532 1841 ad
556 1789 699 1841 omnem
724 1768 980 1862 poenitentiam
1006 1786 1042 1841 et
1072 1767 1354 1846 satisfactionem

135 1892 154 1943 a
181 1871 268 1963 Papa
283 1863 466 1962 inpositam
492 1863 562 1937 elle
586 1881 766 1957 promtum
790 1882 1027 1960 paratumque.
1069 1866 1264 1961 Sequenten
1286 1866 1356 1943 ita·

134 1987 204 2063 que
229 1960 291 2058 ipsr
314 1961 546 2057 praescriptae
581 1960 656 2030 sunt
688 1956 912 2032 conditiones
945 1984 976 2035 r.
1009 1979 1049 2035 ut
1079 1961 1147 2035 suis
1176 1958 1355 2038 sumtibut

136 2070 308 2136 ducentos
332 2057 438 2130 aleret
461 2057 495 2128 in
522 2050 708 2127 Palaestina
731 2053 872 2127 milites.
924 2077 956 2130 2.
980 2055 1078 2152 lpse,
1106 2055 1129 2128 st
1153 2079 1244 2152 opus
1268 2057 1352 2135 fue·

135 2157 203 2247 rit,
244 2173 369 2231 contra
397 2151 554 2227 infideles
593 2153 662 2224 iret
694 2172 774 2223 cum
809 2151 981 2227 exercitu.
1035 2176 1068 2245 3.
1094 2150 1237 2229 illicitas
1262 2175 1354 2231 con·

135 2251 334 2328 suetudines
366 2248 404 2322 in
438 2250 566 2344 Regno
596 2245 761 2333 callaret,
794 2265 832 2319 et
865 2247 1115 2342 adpellationet
1153 2249 1194 2322 ad
1229 2249 1363 2331 sedem·

134 2346 375 2443 Apostolicam
408 2342 519 2415 libere
550 2340 784 2435 permitteret.
830 2377 866 2431 4·
898 2342 1074 2417 Ecclesiae
1105 2345 1348 2422 Cantuariensr

71 2487 72 2490 =
133 2439 253 2517 omnia
287 2443 377 2513 bona
409 2454 446 2509 et
479 2434 668 2532 privilegia
707 2434 878 2512 redderet.
928 2438 1129 2533 lnjunclum
1160 2460 1350 2535 praeterea

135 2541 147 2614 i
177 2532 296 2622 stell,
326 2557 355 2606 r.
382 2549 442 2620 ut,
466 2534 509 2605 ad
534 2530 671 2604 Tomae
694 2531 863 2607 tumulum
891 2538 1056 2624 tendens,
1083 2535 1134 2609 ibi
1160 2533 1260 2610 nudis
1283 2560 1351 2636 pe·

135 2563 257 2718 dibus,
282 2647 318 2701 et
342 2624 447 2700 flexis
470 2624 638 2736 genibus,
670 2632 810 2701 veniam
836 2652 914 2703 cum
940 2628 1099 2727 lacrymis
1129 2653 1349 2729 precaretur.

135 2752 168 2804 a.
194 2723 291 2800 veste
316 2737 443 2810 exuta,
476 2747 513 2796 rn
537 2721 798 2796 Monachorum
824 2726 998 2821 capitulo,
1024 2749 1043 2799 a
1068 2727 1207 2821 singulis
1229 2726 1351 2806 fratri·

133 2829 197 2902 bus
219 2816 331 2917 virgis
353 2817 470 2891 caelus
494 2838 640 2907 ternos,
664 2819 721 2891 vel
746 2819 896 2913 quinos,
921 2818 1108 2895 secundum
1132 2822 1218 2898 alios
1236 2844 1350 2902 unum

131 2921 262 3004 iilum,
286 2918 469 3010 reciperet.
519 2912 789 2988 Conditionibus
813 2917 918 2990 modo
934 2917 1130 3008 memoratis
1148 2919 1353 3014 juramento

132 3012 301 3102 admiffis,
327 3012 485 3105 Regem,
513 3009 725 3107 poenitentia
746 3011 869 3085 habitu
887 3014 1025 3087 veniam
1043 3034 1123 3086 ante
1146 3017 1242 3090 foret
1266 3018 1350 3114 pos·

134 3111 321 3196 tulantem,
353 3103 574 3181 absolverunt
600 3106 746 3202 Legati,
779 3124 819 3180 et
850 3107 887 3181 in
919 3108 1107 3183 Ecclesiam
1139 3111 1353 3188 introduxe-

132 3227 227 3284 runt.
277 3205 440 3276 Ceterum
472 3202 517 3275 de
550 3203 687 3278 Tomae
719 3200 891 3276 miraculis
924 3205 1058 3278 certior
1096 3205 1205 3280 faetus
1233 3208 1351 3306 Papa,

131 3325 211 3376 eum
237 3296 458 3374 canonizavit
481 3321 512 3370 a.
544 3319 647 3391 1¹73·
672 3295 846 3371 Miraeula
869 3319 985 3373 autern
1012 3301 1139 3395 jactata
1156 3304 1247 3387 ,sunt
1271 3324 1348 3383 tam

132 3398 240 3472 multa
272 3414 309 3467 et
340 3391 540 3489 singularia,
581 3412 619 3466 ut
650 3391 776 3466 Christi
804 3412 839 3466 et
872 3394 1117 3491 Apostolorum
1151 3396 1258 3495 longe
1291 3402 1348 3477 su·

132 3487 350 3591 peraverint.
397 3489 475 3656 IpIsp
498 3487 670 3588 Johannes
685 3490 854 3565 Saresber.
880 3489 982 3588 epist⁴
1001 3495 1075 3568 XC.
1101 3495 1159 3568 lib.
1179 3495 1228 3568 V.
1253 3496 1350 3592 epil·

134 3591 282 3661 tolarum
316 3584 352 3656 S.
377 3585 436 3673 To
474 3583 645 3676 aedicit,
675 3585 786 3678 ipsum
810 3589 910 3677 alins,
928 3591 980 3682 *de
1004 3595 1116 3685 quil-ur
1139 3592 1273 3685 legerim
1297 3596 1354 3668 vel

133 3685 292 3759 audierim
332 3682 366 3752 in
396 3681 621 3754 miraculorum
658 3685 854 3756 rxlribiriorre
889 3685 1100 3783 praeceffiffe.
1164 3689 1351 3768 Praeterea

133 3776 314 3880 progrellu
338 3779 529 3869 temporis,
560 3775 715 3870 jubilaeo
737 3779 843 3851 etiam
864 3775 1025 3856 instituto
1055 3789 1093 3857 r'n
1125 3785 1198 3879 ejus
1231 3785 1350 3861 hono·

130 3878 235 3965 r'em,
276 3869 486 3948 incredibilis
517 3869 582 3944 fuit
614 3873 828 3969 undiquaque
858 3873 1040 3952 hominum
1080 3879 1265 3956 confluxus
1301 3883 1348 3959 ad

131 3971 346 4069 sepulchrum
370 3968 443 4062 ejus
466 3964 689 4056 visitandum,
729 3969 817 4040 adeo
841 3990 876 4044 ur
900 3994 943 4044 ex
968 3997 1020 4067 gr.
1046 4000 1076 4050 a.
1104 3998 1209 4068 1420,
1243 3978 1347 4076 supra

130 4067 382 4170 quinquaginta
403 4060 511 4140 millia
531 4062 689 4156 fuerint,
712 4063 772 4167 qui
793 4085 837 4143 eo
861 4068 1124 4263 ῑειιεηόετίιιι.5
1158 4168 1315 4247 LXXXI

1127 4221 1136 4242 .
1315 4172 1346 4260 Ι,
