3022 4806
133 616 186 673 ,ιο
480 589 778 692 rmutandus.
808 540 925 690 crim.
989 663 1002 678 „

110 861 113 868 ,
143 750 287 870 Synodo
314 767 431 866 itaque
449 768 687 844 suessonense
708 791 738 844 a.
768 793 874 845 rirt.
899 794 920 845 a
944 769 1137 867 Rudolpho
1161 772 1353 849 Rhemenli

146 865 449 962 Archiepiscopo,
475 890 615 939 recum
640 869 809 955 Conone,
838 866 1059 941 Praenestino
1082 869 1280 981 Episcopo,
1315 892 1354 944 et

144 963 233 1038 sedis
256 961 477 1056 Apostolicae
503 964 640 1059 legato,
670 963 942 1049 communicata,
982 985 1196 1053 convocati,
1228 987 1356 1040 citatus

144 1059 196 1133 est
221 1059 453 1148 Abaclardus,
485 1076 542 1147 et,
576 1057 645 1130 fine
664 1059 732 1130 ullo
760 1060 838 1132 libri
864 1059 1022 1132 examine
1048 1059 1227 1149 instituto,
1263 1087 1349 1136 eum

144 1155 296 1231 fiammis
327 1155 484 1242 tradere,
519 1173 556 1228 et
586 1153 695 1225 sanam
731 1153 811 1226 fidei
845 1154 1116 1245 confessionem‚
1150 1159 1354 1253 Symbolum

146 1247 415 1341 Athanasianum
450 1273 496 1323 ex
528 1249 659 1344 scripto
697 1249 906 1338 recitando,
958 1250 1065 1323 edere
1108 1253 1249 1328 condius
1290 1254 1354 1331 est.

145 1345 229 1445 Quo
255 1344 349 1417 facto
381 1346 510 1418 Abbati
545 1345 578 1418 S.
610 1344 771 1418 Medardi
809 1345 954 1420 traditus
987 1346 1054 1434 est,
1089 1363 1127 1419 ut
1158 1353 1231 1441 ejus
1261 1352 1353 1423 clau·

143 1440 234 1530 stro,
267 1440 371 1513 instar
394 1445 559 1523 carceris,
585 1442 861 1535 concluderetur,
913 1443 1017 1516 Unde
1045 1441 1163 1533 postea
1188 1467 1256 1538 ope
1285 1448 1348 1517 Le·

104 1623 109 1637 ἱ
146 1536 220 1635 gari
252 1534 450 1631 Apostolici
494 1534 666 1624 dimissus,
707 1556 744 1608 et
784 1538 825 1609 ad
861 1537 1068 1610 coenobium
1102 1540 1352 1634 Dionysianum

145 1631 322 1718 remissus,
348 1629 385 1704 in
402 1654 510 1705 novas
526 1631 773 1705 illaslitescum
795 1633 987 1706 Monachis
1009 1634 1284 1730 Sandionysianis
1299 1637 1352 1711 in·

146 1727 258 1812 cidit,
285 1748 425 1822 quarum
443 1727 550 1800 modo
568 1726 724 1800 memini.
776 1730 939 1800 Ceterum
967 1728 1108 1802 concilii
1132 1731 1227 1804 istius
1244 1732 1353 1805 histo·

144 1824 197 1900 ria
221 1847 267 1897 ex
291 1821 366 1917 ipso
387 1824 600 1910 Abaelardo,
633 1821 735 1920 epist.
760 1823 886 1913 citata,
922 1824 1097 1898 Bernardo
1128 1827 1229 1922 epist.
1268 1852 1350 1922 193.

144 1920 188 1996 ad
218 1921 364 1993 ivonem
397 1918 638 2005 Cardinalem,
680 1936 718 1990 et
759 1920 898 1993 Ottone
924 1919 1130 2017 Frisingenli
1164 1926 1209 1997 de
1245 1923 1353 2019 gellis

145 2014 323 2090 Frederici
349 2039 425 2110 cap.
449 2038 507 2108 47.
534 2012 609 2109 peti
632 2010 755 2110 potest.

193 2111 224 2210 s.
250 2112 350 2185 Vlll.
380 2107 639 2185 Vexationibus
662 2109 797 2185 illorum
820 2108 1081 2184 Monachorum
1105 2111 1147 2186 ad
1181 2117 1349 2189 monoste-

142 2206 234 2285 rium
266 2207 490 2282 deserendum
523 2207 745 2303 compulsus,
784 2227 852 2280 nec
883 2203 918 2277 se
950 2208 993 2280 ab
1027 2207 1163 2281 Abbate
1195 2215 1354 2288 revocati

142 2305 279 2404 pasius,
309 2303 517 2397 licentiaque
543 2321 688 2395 accepta
713 2300 768 2372 adx
785 2321 1028 2396 quamcunque
1054 2305 1159 2377 vellet
1193 2308 1351 2382 solitudi-

142 2423 225 2476 nem
253 2396 470 2486 transeundi,
504 2397 610 2467 modo
637 2394 718 2468 nulli
745 2394 918 2469 Abbatiae
943 2400 1069 2470 nomen
1096 2398 1214 2490 daret,
1241 2406 1350 2479 seces·

142 2497 187 2571 fit
212 2496 250 2567 in
273 2491 494 2565 solitudinem
525 2490 600 2584 agri
633 2489 840 2576 Trecensis;
866 2491 1004 2588 ibique,
1043 2493 1218 2570 adnuente
1249 2500 1350 2594 Epis·

135 2582 261 2686 copo,
294 2592 467 2661 oratorium
490 2584 683 2660 construxit
718 2584 754 2659 in
778 2586 923 2662 nomine
942 2589 1144 2679 Trinitatis,
1179 2613 1216 2666 et
1252 2598 1352 2670 sclro·

143 2692 211 2766 lam
241 2685 409 2781 aperuit;
451 2682 595 2777 ingente
626 2682 706 2754 dein
743 2680 988 2772 discipulorum
1024 2688 1126 2779 copia
1166 2691 1206 2761 ad
1239 2691 1353 2787 ipsum

141 2782 363 2869 confluente,
389 2779 577 2852 oratorium
602 2779 705 2874 longe
721 2779 965 2868 amplificavit,
991 2781 1161 2878 illudque,
1193 2789 1272 2880 quia
1300 2793 1352 2866 ibi

143 2880 348 2978 respirabat,
383 2875 525 2949 nomine
549 2876 717 2948 Paracleri'
744 2872 938 2970 insignivit.
990 2878 1092 2949 Unde
1116 2903 1205 2954 nova
1240 2887 1353 2961 rursus

141 2978 177 3054 ei
206 2995 323 3049 creata
358 2970 409 3044 est
442 2967 635 3059 accusatio,
677 2968 795 3064 quod,
834 2992 957 3045 contra
993 2971 1166 3048 Ecclesiae
1197 3002 1353 3071 morem,

140 3070 204 3148 uni
243 3086 375 3143 tantum
413 3066 597 3140 Trinitatis
640 3066 805 3160 personae
837 3066 919 3139 illud
957 3066 1206 3148 consecrasset:
1248 3101 1351 3171 quarn

143 3168 265 3257 diluit,
293 3164 465 3251 dicendo,
502 3182 576 3236 tum
610 3162 691 3235 illud
715 3183 844 3235 nomen
872 3162 937 3235 toti
961 3164 1131 3240 Trinitati
1157 3175 1352 3248 convenire

143 3285 241 3351 tum,
266 3260 290 3335 li
313 3262 370 3333 vel
398 3258 546 3356 Spiritus
570 3261 604 3332 S.
631 3258 719 3331 solus
745 3257 1020 3354 intelligeretur,
1048 3261 1082 3332 se
1108 3262 1194 3337 nihil
1221 3270 1350 3343 rationi

140 3359 245 3457 egiss'e
270 3356 502 3442 contrarium,
542 3353 624 3452 quia
647 3351 796 3449 Spiritus
823 3353 1077 3430 sanislsimus
1107 3359 1278 3456 Templa,
1313 3384 1352 3439 et

139 3459 215 3556 ejus
244 3452 351 3528 douo
382 3452 533 3527 Ecclesia
566 3451 789 3547 gubernatur.
840 3452 896 3525 Ex
930 3452 1002 3526 hoc
1036 3471 1153 3527 autem
1194 3463 1354 3534 oratono

139 3554 223 3631 dein
252 3568 397 3625 vocatus
420 3549 460 3622 ad
488 3543 644 3622 Ruiense
674 3542 922 3620 monasterium
948 3547 1116 3621 dioecesis
1141 3553 1355 3632 Venetensis

139 3650 180 3730 in
211 3645 384 3722 Britannia
409 3644 591 3720 Armorica
619 3641 832 3737 regendum,
871 3668 947 3720 eam
971 3644 1224 3739 praefecturam
1260 3675 1347 3728 mox

139 3743 339 3828 abdicavit,
365 3743 457 3839 quod
480 3737 744 3816 Monachorum
773 3739 934 3835 pessimos
958 3762 1091 3831 mores,
1119 3761 1155 3817 et
1180 3749 1351 3824 continua

138 3844 237 3920 vitae
260 3836 432 3937 pericula,
456 3841 500 3914 ab
521 3836 601 3934 iplir
623 3835 820 3927 concitata,
847 3837 940 3910 serre
966 3859 1038 3910 non
1057 3836 1191 3933 pollet,
1231 3862 1270 3918 ut
1295 3845 1352 3944 ip·

136 3937 368 4024 sedeciam,
401 3953 438 4008 et
466 3929 683 4008 Trecensem
717 3930 861 4029 repetiit
896 3932 1142 4024 solitudinem3
1173 3937 1209 4013 in
1246 3964 1351 4039 quam

134 4035 247 4117 ctiam
261 4031 400 4132 recepit
413 4030 628 4127 Heloilsam,
645 4027 1168 4139 cuiuejussauiliruouitlibus,
1191 4059 1213 4115 a
1231 4039 1353 4148 Luge-

136 4197 142 4205 .
743 4183 745 4186 -
1274 4157 1351 4231 rio,
