3022 4806
122 418 126 427 ι

95 434 124 807 f
298 663 301 668 ,
659 593 767 670 decus.
792 594 881 670 XII.

175 768 325 867 aRegni
360 767 565 867 Episcopia,
600 772 800 847 inconsulto
830 772 939 867 Papa,
974 767 1187 865 adprobato,
1225 770 1374 849 duxerat

170 865 265 940 eiiam.
313 869 511 942 Cassaverat
534 870 728 944 divortium
755 872 863 963 Papa,
898 885 935 940 et
960 868 1065 939 novin
1098 866 1229 962 nuptiis
1265 869 1372 941 inter·

168 961 313 1050 dixerat,
338 963 462 1058 legatis
487 987 625 1061 quoque
651 968 777 1052 missis,
803 964 862 1060 qui
885 962 1077 1057 jusserunt,
1105 987 1160 1051 ur,
1184 964 1293 1059 ejecta
1319 966 1370 1036 su·

160 1058 382 1151 perinducia,
406 1061 638 1158 ingelburgen
663 1062 826 1156 recipiat:
852 1058 906 1133 sed
933 1059 1033 1130 irrito
1059 1057 1206 1148 effectu,
1232 1081 1269 1132 et
1293 1061 1374 1135 Rex

160 1150 308 1247 perstitit
331 1156 371 1227 in
393 1154 596 1250 proposito,
637 1159 741 1253 usque
771 1160 872 1230 ada.
904 1177 1010 1227 1201.
1059 1154 1117 1226 De
1141 1181 1211 1252 quo
1239 1156 1372 1247 postea.

158 1251 347 1338 Ceterum,
388 1251 580 1325 divortium
604 1251 685 1325 iilud
712 1250 813 1325 fuisse
836 1250 1022 1324 secundum
1049 1273 1201 1324 canones
1226 1250 1373 1324 Ecclesi-

152 1339 280 1416 asticus
307 1343 524 1442 legitimum,
549 1347 823 1434 demonstravit,
848 1366 884 1420 et
909 1343 1079 1440 exemplis
1102 1350 1370 1439 comprobavit,

151 1437 353 1513 Biondeiius
385 1440 423 1515 in
455 1441 543 1515 libro
574 1443 619 1516 de
645 1445 793 1516 formula
826 1440 1145 1536 Citristo'regnnate.
1196 1444 1370 1517 Exercuit
1445 1518 1449 1526 ,

149 1556 262 1628 porro
287 1535 434 1611 eandem
459 1536 668 1632 potestatem
691 1541 854 1635 Papalem
882 1542 919 1610 in
945 1539 1186 1634 Leopoidum,
1211 1540 1370 1614 Austriae

149 1633 317 1722 Ducem,
352 1633 410 1726 qui
439 1632 677 1724 Richardum,
708 1635 859 1731 Angliae
885 1634 1044 1729 Regem,
1078 1637 1121 1706 ab
1147 1637 1375 1729 expeditione

144 1727 242 1802 sacra
267 1749 333 1824 per
356 1728 532 1803 Ducaturn
557 1732 631 1827 ejus
655 1731 909 1816 transeuntem,
935 1727 1051 1822 cepit,
1078 1751 1112 1800 et
1138 1732 1302 1804 Henrico
1323 1735 1371 1808 V.

144 1820 332 1918 captivum
369 1823 542 1914 tradidit,
583 1825 642 1922 qui
668 1847 745 1898 eum
770 1825 932 1899 detinuit.
982 1825 1175 1898 Ricitardus
1207 1825 1368 1921 quidem,

143 1917 317 2014 promissa
342 1941 466 2015 magna
494 1921 664 2016 pecuniae
692 1920 839 2010 summa,
876 1919 1044 2015 datisque
1067 1920 1259 2011 obsidibus,
1292 1947 1372 1996 eva·

141 2014 212 2102 fit,
241 2012 300 2088 sed
325 2035 411 2089 mox
441 2014 680 2111 interpellavit
702 2018 826 2113 Papam
862 2017 1022 2089 adversus
1044 2017 1263 2111 'Leopoldum
1298 2039 1367 2113 pro

143 2107 369 2186 restituenda
395 2108 560 2205 pecunia,
585 2131 623 2185 et
639 2111 861 2185 dimittendis
885 2111 1076 2182 obfidibos:
1103 2136 1208 2206 quare
1226 2137 1372 2186 excom·

143 2202 403 2281 munientionis
426 2222 463 2279 et
485 2203 663 2280 interdicti
687 2205 896 2280 sententiam
914 2205 1114 2298 Leopoldo,
1143 2206 1205 2278 nist
1229 2209 1300 2279 hoc
1318 2209 1369 2280 sa,

143 2304 246 2387 ciat,
273 2300 520 2376 denunciavit:
546 2301 605 2398 qui
634 2321 750 2375 tamen
775 2303 847 2375 hoc
871 2299 1091 2396 adspernatus
1114 2299 1185 2389 est,
1210 2303 1265 2376 sed
1289 2306 1370 2377 bre·

143 2395 189 2470 vi
227 2414 403 2486 mortuns,
443 2413 480 2469 et
512 2416 594 2469 ante
624 2418 776 2470 mortem
811 2399 921 2493 Papae
952 2394 1205 2472 reconciliatur.
1258 2399 1368 2492 Vid,

171 2509 296 2563 raeter
324 2490 582 2582 Hovedenum,
616 2491 889 2588 Neubrigenfis,
932 2509 969 2564 et
1004 2491 1073 2575 aiii.
1134 2491 1247 2584 ipsum
1279 2518 1368 2571 vero

189 2583 370 2674 enricum,
385 2608 459 2658 earn
475 2591 520 2662 ob
537 2608 611 2660 rem
628 2590 993 2675 excommunicatum,
1012 2587 1191 2683 prohibuit
1208 2591 1369 2686 sepeliri,

139 2678 216 2757 nisa
239 2681 322 2756 Rex
344 2681 491 2780 angliae
524 2681 756 2772 consentiret,
796 2700 830 2756 et
854 2682 1002 2776 pecunia
1032 2683 1096 2777 ipsi
1130 2704 1266 2757 extorta
1290 2688 1369 2761 red·

141 2781 317 2864 derettrr3
355 2797 393 2851 ut
419 2779 636 2852 Hovedenus
659 2779 779 2853 refert.
830 2779 995 2872 Denique
1019 2800 1082 2874 per
1105 2780 1295 2872 Legatum,
1329 2785 1369 2859 in

139 2872 332 2950 Poioniam
365 2890 402 2946 et
430 2872 637 2948 Bnhemiam
668 2875 824 2963 missum,
863 2877 1016 2959 curavit,
1055 2891 1106 2959 ut,
1127 2874 1369 2952 sacerdotesa

142 2966 353 3045 mulieribus
384 2986 419 3041 et
447 2971 657 3043 concubinis
688 2969 921 3056 abstinerent3
964 2968 1054 3065 quod
1093 2969 1213 3043 Pnloni
1249 2971 1370 3047 sacilea

139 3064 384 3155 admiserunt,
419 3065 477 3137 sed
500 3065 646 3139 Bnhemi
670 3065 704 3139 se
727 3065 987 3161 opposuerunt,
1014 3082 1113 3136 tanto
1138 3062 1283 3157 inpetu,
1327 3087 1368 3143 ut

140 3162 344 3255 Legatum,
383 3157 448 3233 nist
471 3161 513 3232 ab
533 3161 711 3256 Episcopo
733 3159 892 3256 Progensr
927 3159 1068 3255 tepreffi
1095 3159 1252 3249 fuissent,
1288 3162 1369 3238 vio·

140 3253 281 3330 latrent
334 3254 421 3330 Vid.
447 3255 624 3351 Johannea
646 3256 706 3329 Du
733 3257 837 3346 loch,
880 3255 960 3328 alias
992 3255 1183 3350 Longinus.
1234 3260 1301 3333 Sed
1327 3260 1370 3334 il·

95 3444 102 3451 ι
142 3350 212 3427 lud
231 3348 404 3447 praestitit
427 3350 609 3442 laudabile,
640 3280 733 3448 quod
758 3375 882 3448 pueros
909 3350 1151 3437 minorennes,
1194 3352 1369 3429 monaste·

141 3448 209 3521 rio
230 3446 387 3537 oblatos,
411 3442 529 3521 siverit
550 3445 592 3521 ad
615 3443 767 3522 seculum
793 3446 927 3536 redire,
954 3446 977 3520 sr
1001 3446 1202 3529 voluerint,
1226 3451 1369 3525 condito

144 3565 193 3621 ea
217 3540 263 3615 de
280 3562 319 3614 re
345 3543 516 3632 decret03
539 3565 637 3616 cum
661 3561 743 3616 ante
771 3543 841 3615 hoc
865 3562 1003 3633 tempus
1028 3543 1160 3616 oblatio
1184 3546 1298 3620 fuerat
1321 3548 1369 3639 ir·

140 3636 379 3717 revocabitis:
403 3657 442 3710 ut
466 3660 512 3711 ex
537 3636 767 3735 superioribus
792 3636 852 3710 suo
875 3637 953 3710 leco
976 3633 1121 3710 constat.
1361 3680 1364 3687 ·

196 3732 229 3832 s.
253 3734 476 3810 LXXXVII.
509 3734 564 3808 Ex
596 3735 664 3808 hac
687 3735 857 3830 Paparum
882 3729 1047 3821 historia,
1082 3732 1275 3807 summatim
1299 3755 1373 3822 trae

135 3830 234 3918 dita,
259 3829 346 3904 licet
371 3827 418 3903 de
441 3849 561 3903 eorum
584 3829 792 3915 autoritate,
828 3847 866 3901 et
888 3827 1060 3925 potestate
1079 3827 1305 3922 Apostolica,
1325 3852 1369 3907 ac

138 3925 353 4010 universali,
379 3922 484 3999 facile
507 3922 663 4014 constet,
696 3923 862 3999 nonnulla
887 3944 1023 4011 tamen,
1057 3923 1176 4019 quibus
1199 3948 1240 3998 ea
1267 3924 1370 4012 aden

134 4018 248 4102 ratim
275 4018 471 4118 renutu,
510 4019 570 4097 vel
602 4020 852 4191 constipatur,
885 4021 1118 4103 opinabere
1148 4019 1261 4130 {uegit
1294 4019 1370 4188 [pp.

779 4138 799 4214 3
1207 4132 1310 4211 Junxr
1341 4141 1374 4213 e·

1463 4310 1493 4520 s
