3022 4806
1352 496 1359 511 ἱ

595 667 600 675 ’
663 628 770 712 Stcnl.
797 630 883 712 XII.
1335 655 1386 729 ις

152 799 208 882 sub
239 826 309 884 una
342 805 435 885 serie
467 829 705 890 numerorum.
761 812 862 917 Quae
890 809 1056 889 collediio
1088 807 1372 907 diciturenim,

148 902 198 976 tei
230 924 366 1002 corpus,
406 928 605 998 canonum3
648 927 707 1001 et,
742 909 767 984 sa
801 906 946 1002 plurium
970 907 1191 1008 synodorum
1216 930 1370 984 canoner

146 1019 208 1073 nna
232 1024 461 1078 numerorum
479 1003 568 1080 serie
589 1005 797 1097 decurrant,
820 1011 979 1089 ὁννννθίνν
1000 1005 1122 1082 »evim
1145 1002 1368 1099 consequentia

144 1118 313 1175 amenum.
367 1120 400 1175 a.
424 1101 590 1176 Secundus
614 1097 688 1193 est,
714 1124 784 1200 quo
805 1103 881 1177 aeta
904 1105 1127 1200 synodorum
1149 1121 1235 1176 cum
1260 1120 1366 1176 cano·

142 1194 242 1268 nibru
267 1195 485 1286 recitantur,
517 1195 589 1270 srve
614 1202 688 1273 alic
722 1218 754 1272 et
775 1199 924 1293 sancita.
973 1222 1006 1295 3.
1037 1199 1146 1273 Tettio
1168 1193 1278 1270 modo
1302 1195 1365 1272 sub

125 1311 257 1363 ‘certos
290 1294 417 1366 titulos
448 1311 487 1367 et
529 1293 685 1368 rubricas
722 1294 921 1369 reseruntur
962 1317 1115 1368 canones
1147 1289 1367 1370 diversorum

139 1388 391 1475 conciliorum,
417 1386 490 1461 five
515 1390 672 1462 citentur
697 1407 830 1463 tanturn
859 1412 1031 1481 canones,
1065 1387 1183 1464 verbis
1206 1408 1277 1460 non
1301 1389 1363 1463 ad·

137 1482 242 1572 ditis,
270 1484 346 1557 srve
372 1485 480 1557 verba
501 1486 609 1558 etiarn
635 1485 899 1560 recenseantur:
924 1487 1021 1582 prius
1046 1486 1179 1559 dicitur
1203 1486 1361 1558 breviatio

141 1601 343 1668 munuum,
374 1577 541 1672 posterius
569 1601 688 1652 eorum
711 1583 891 1656 concordia.
941 1604 978 1672 4.
1002 1582 1155 1682 Quartus
1186 1577 1259 1666 est,
1290 1603 1361 1675 quo

134 1677 330 1749 concordes
355 1676 597 1769 inperatorum
625 1677 716 1771 leger
744 1676 996 1771 adjunguntur,
1029 1678 1083 1750 vel
1108 1672 1358 1768 subjiciuntur:

135 1795 238 1868 quam
255 1768 506 1844 collectionem
522 1772 697 1866 adpellant
715 1775 983 1847 inundationes.
1023 1771 1189 1865 Denique
1214 1790 1248 1858 5.
1267 1775 1359 1863 quin-

135 1885 166 1941 to
187 1868 333 1963 insuper
355 1863 529 1938 adduntur
552 1864 726 1963 Epistolae
756 1868 948 1942 decretales
972 1867 1204 1950 Pontificum,
1245 1885 1287 1936 ac
1311 1865 1363 1939 Ε-

160 1962 386 2059 iscoporom,
413 1983 478 2033 nec
499 1982 570 2036 non
591 1960 785 2038 sententiae
810 1964 964 2038 Patrutn.
1013 1963 1122 2039 Vixit
1148 1958 1255 2032 etiam
1283 1960 1356 2037 hoc

135 1988 252 2136 leculo
275 2058 462 2130 Bernurdus
488 2058 604 2150 Circa,
628 2058 803 2153 Papienlis
820 2056 1053 2156 Praepositur,
1079 2076 1115 2129 et
1138 2053 1256 2149 postea
1282 2056 1358 2130 An·

139 2155 235 2230 tillet
260 2157 288 2226 F
290 2156 497 2240 aventinus,
523 2156 581 2248 qui
606 2153 737 2247 primur
751 2154 966 2226 Pontificum
983 2153 1194 2239 decretales,
1219 2168 1355 2233 eccon·

140 2251 361 2338 stitutionee,
404 2245 540 2320 seorsim
573 2247 728 2417 collefit.
776 2249 835 2321 De
865 2247 988 2345 quibua
1016 2245 1179 2319 omnibus
1207 2243 1280 2318 vid.
1308 2249 1353 2323 G.

140 2344 331 2424 Mastricht
355 2341 435 2418 nist.
457 2344 526 2440 jur.
551 2343 682 2419 Eccle.
734 2342 925 2419 conditum
956 2364 1044 2416 vero
1068 2338 1119 2415 est
1143 2339 1214 2412 hoc
1239 2337 1354 2418 seculo
1406 2375 1412 2387 ·

138 2444 306 2520 famosum
341 2438 427 2514 illud
458 2460 547 2535 opor
568 2439 745 2529 Gratiani,
787 2441 880 2536 quod
905 2438 1044 2534 publice
1072 2453 1275 2532 receptum,
1317 2460 1355 2516 et

138 2540 352 2650 principium
378 2533 467 2632 June
497 2520 688 2651 canonici,
729 2536 824 2646 qued
855 2533 1004 2610 studium
1038 2534 1108 2608 hoc
1138 2532 1205 2605 sec.
1233 2534 1356 2646 rigere

136 2628 1266 2818 lll¹aizi¹zlnstn0llllsltlsnillilaazlllll:
1283 2633 1355 2803 ἔὲῗ

137 2824 316 2904 tlefiastici
342 2824 541 2916 interpret,
564 2820 714 2920 indeque
736 2820 905 2917 Magister
931 2819 1057 2896 dicius.
1108 2819 1277 2894 Condidit
1294 2846 1371 2898 au-l

140 2946 210 3000 tem
235 2919 298 2993 sub
325 2915 487 3011 Eugenio
510 2916 574 2991 111.
599 2940 631 2993 a.
660 2939 766 3007 1151.
790 2916 1125 3014 famigeratiffimurn
1146 2913 1228 2988 illud
1245 2939 1355 3012 opus,

140 3022 194 3095 sen
209 3011 454 3090 concitionem
468 3033 663 3106 munuum,
689 3033 734 3088 ex
751 3014 892 3087 Patrutn
909 3015 1025 3101 scitis,
1056 3010 1278 3110 synodorum
1299 3035 1356 3089 ca·
1434 3046 1438 3051 ·

141 3115 311 3196 nudibus,
357 3105 483 3204 spotiia
522 3107 628 3183 etiarn
663 3108 877 3184 Pontificum
917 3109 1170 3196 decretalibus,
1191 3107 1356 3207 aliisque

138 3200 470 3309 pseudepigraphis:
496 3206 587 3299 quod
611 3228 699 3300 oput
722 3205 799 3300 ipse
827 3207 1085 3280 concedentium
1109 3201 1355 3300 discordantium

138 3326 313 3380 canonum
355 3299 569 3392 adpellant,
618 3300 675 3374 sed
713 3297 943 3375 innocentius
991 3319 1101 3394 corpus
1150 3301 1356 3379 decretorum.
1462 3372 1465 3381 .

138 3398 282 3475 Constat
310 3419 356 3469 ex
383 3394 493 3469 tribua
515 3395 687 3491 partibus,
728 3421 759 3474 1.
783 3397 1039 3494 distinlliunibus
1066 3417 1155 3484 101,
1178 3418 1267 3493 quae
1292 3397 1358 3471 fin·

140 3498 236 3597 gulae
267 3494 304 3566 in
334 3489 489 3599 capitula
519 3491 734 3566 dividuntur.
784 3517 818 3567 a.
846 3489 960 3584 Causts
985 3497 1053 3583 36,
1083 3513 1174 3600 quae
1204 3490 1359 3588 singulae
1408 3533 1413 3546 ι

138 3592 249 3669 nanae
279 3604 468 3663 continent
508 3585 741 3681 quaestiones,
781 3589 818 3662 in
856 3589 1005 3683 capitula
1038 3584 1171 3660 divisas.
1243 3590 1359 3677 .Pure

139 3688 243 3764 tertia
266 3686 313 3760 de
339 3678 578 3796 consecratione
605 3684 706 3782 agit,
738 3680 775 3756 in
800 3683 954 3782 quinque
975 3680 1086 3758 divisa
1109 3610 1360 3764 diffinitione

136 3784 234 3862 Huic
258 3777 464 3854 collectioni
489 3778 655 3875 quaedam
688 3778 802 3876 capita
832 3776 1000 3854 addidisse
1027 3776 1141 3851 fertur
1172 3777 1361 3875 discipulae

133 3882 211 3977 ejus
239 3881 340 3950 Cotta
366 3873 494 3962 Palea,
527 3876 654 3968 quibua
677 3877 797 3950 Paleae
830 3896 961 3949 nomen
993 3871 1240 3952 esi-inditum.
1291 3876 1361 3967 8er

139 3969 564 4166 alleluuia
684 3967 1226 4167 insanientis

496 4119 499 4123 ,
566 4124 575 4144 ,
611 4116 618 4129 ,
984 4118 995 4157 ,
1217 4114 1220 4118 .

144 4166 267 4249 nn.
296 4165 371 4244 Vr.
585 4123 597 4161 ’
742 4163 779 4240 u
1273 4159 1370 4250 ntae
1477 4252 1479 4257 ,
