3022 4806
78 592 81 597 ’
134 627 211 700 ,132
527 609 674 703 Historia
698 610 834 710 Ecclesl'
850 611 968 710 Clarifl.

148 786 205 877 yit
222 782 390 882 supplicia
408 784 485 860 laeti
501 788 691 883 subierint,
716 791 804 868 sicut
829 794 868 868 in
882 789 945 865 illia
963 783 1142 883 adparuit,
1166 781 1233 883 qui
1253 781 1375 857 surore

146 885 293 994 populi,
312 887 406 959 nirrtio
421 887 491 959 zelo
504 890 659 979 permoti,
686 893 778 961 nobis
797 891 933 976 inritis,
953 886 1069 980 inquit
1087 881 1373 973 Evervinua2,i¹¹

151 1002 271 1075 ignem
289 979 441 1074 conjetii
458 981 547 1056 sunt.
581 983 859 1059 Disseminarunr
875 984 982 1056 etiam
1001 980 1069 1052 sese
1087 979 1203 1052 similia
1228 974 1374 1075 generis

146 1078 318 1181 ‚nornines
350 1097 412 1170 pet
436 1075 617 1172 regionem
647 1081 934 1176 Petragoricam,
956 1075 1156 1149 'Gasconiae
1190 1072 1370 1155 vicinam

150 1171 215 1246 ‚ui
244 1173 412 1244 haeretici
445 1170 722 1269 l’errogoriceirses
755 1176 918 1273 adpellari
951 1174 1037 1246 suot.
1089 1168 1174 1244 Vid.
1216 1168 1373 1240 Annales

151 1195 327 1361 abbatiae
344 1267 387 1337 de
414 1269 582 1362 Murgan,
608 1271 702 1344 iuter
724 1272 880 1368 quinque
903 1268 1084 1364 scriptores
1106 1265 1273 1338 historiae
1298 1263 1372 1334 An·

152 1367 333 1459 ¹glicanae,
360 1384 428 1436 nec
453 1387 525 1438 non
548 1364 731 1439 Heriberti
755 1364 931 1440 Monachi
961 1363 1060 1457 epist.
1086 1362 1129 1434 de
1156 1364 1220 1450 iis,
1257 1362 1295 1432 in
1320 1362 1372 1432 A·

66 1508 69 1512 Α
159 1456 302 1535 nalestis
328 1457 515 1534 Mabilson.
539 1459 561 1534 l.
589 1463 653 1534 lli.
680 1460 903 1557 Apostolicor
925 1451 1372 1556 porro,.resert-Evervi·

148 1577 240 1640 mur,
267 1554 302 1626 in
330 1554 412 1627 duas
439 1554 556 1631 classes
581 1556 650 1631 esse
682 1557 834 1647 divisos,
865 1576 952 1653 quor
985 1554 1146 1648 utrosque
1178 1548 1372 1649 depingit,

147 1650 342 1747 additque,
366 1648 612 1740 illosudicere,
648 1648 684 1724 se
708 1651 895 1727 maximam
923 1651 1050 1723 habere
1086 1647 1372 1735 multitudinem,

145 1745 289 1843 ubique
315 1744 389 1817 fere
416 1766 582 1821 terrarum
608 1749 773 1842 sparsam,
808 1748 1002 1842 sosiumque
1028 1748 1119 1818 suam
1141 1766 1160 1817 a
1193 1742 1373 1839 tempori·

155 1842 219 1916 bus
242 1859 428 1937 martyrum
453 1839 550 1915 fuisse
574 1845 807 1933 occultatam,
833 1863 867 1916 et
892 1837 1113 1935 permansisse
1135 1840 1171 1911 in
1196 1838 1372 1928 Graecia,

159 1957 197 2013 et
230 1936 540 2035 quibusdamvaliis
581 1937 691 2013 terrie.
756 1941 920 2014 Ceterum
960 1936 999 2010 hi
1040 1956 1163 2008 omnes
1199 1935 1370 2009 videntur

151 2031 366 2130 pertinuisse
398 2034 441 2109 ad
474 2033 699 2124 Waldenses,
732 2054 769 2108 et
795 2032 1018 2130 Albrgenses,
1051 2051 1198 2126 quorum
1223 2029 1370 2105 adcura-

162 2129 308 2206 tiorem‘
327 2131 418 2205 dabo
451 2130 641 2221 notitiam,
680 2129 860 2228 postquam
890 2123 1162 2204 Arnaldistaruot
1191 2124 1372 2216 haeresin,

156 2228 269 2319 magia
295 2225 495 2319 politicam,
525 2229 644 2319 paucis
672 2226 896 2324 descripsero.
1082 2266 1097 2284 ·-

208 2324 240 2420 ᾗ.
264 2322 391 2395 CXlll.
416 2323 559 2395 Nomen
583 2321 793 2412 Amaldisloc
818 2341 994 2400 traxerunt
1017 2324 1060 2398 ab
1077 2318 1230 2397 Arnoldo
1255 2313 1374 2392 Brixi-

157 2437 261 2505 ente,
287 2439 306 2487 e
332 2413 477 2488 civitate
497 2417 622 2583 {taliae
644 2417 763 2493 Brixia
779 2418 960 2510 oriundo,
985 2422 1084 2516 cujus
1102 2420 1209 2491 etiam
1241 2410 1370 2490 nectet

158 2513 226 2588 stae
261 2510 415 2617 Clericus
436 2531 476 2584 ac
530 2510 626 2585 ettor
649 2511 733 2604 suit,
764 2514 966 2612 discipulus,
1000 2536 1038 2587 et
1071 2514 1254 2600 seslator,
1272 2508 1373 2584 Petri

149 2605 362 2691 abaelardi,
388 2605 465 2693 sed,
492 2631 512 2678 e
539 2606 647 2681 Gallia
671 2610 708 2681 in
725 2612 860 2684 Italiam
876 2611 1048 2700 reuersus,
1074 2611 1228 2703 habitum
1248 2606 1369 2679 induit

151 2701 380 2800 religiosum,
405 2721 440 2771 et
464 2702 604 2777 Clericit
628 2707 753 2779 bellum
770 2705 900 2780 indixit
921 2730 964 2780 ac
985 2706 1195 2785 Monachit»
1217 2719 1370 2777 conten·

147 2800 265 2892 idem,
293 2819 358 2871 nec
375 2797 528 2873 Clericos
545 2802 819 2897 proprietatem,
838 2822 904 2875 nec
920 2801 1112 2898 Episcopus
1128 2801 1276 2896 regalia,
1301 2814 1371 2870 nec

155 2896 361 2979 Monachos
383 2895 619 2990 pollessrones,
647 2899 772 2972 habete
789 2898 938 2972 debere:
964 2896 1169 2971 saoconna
1197 2890 1371 2969 mecene

165 2991 356 3085 Principio,
380 3014 399 3062 a
425 2993 521 3086 cujux
545 2993 781 3069 beneficentia·
797 2994 834 3068 in
859 2993 952 3069 usum
980 2992 1148 3067 laicorum
1175 3010 1217 3063 ea
1239 2988 1372 3063 cedere

156 3091 319 3166 debeant.
370 3085 552 3162 Praeterea
576 3089 620 3162 de
645 3089 861 3164 sacramento·
881 3089 1011 3175 altaris,
1038 3109 1076 3162 et
1100 3084 1271 3182 baptismo
1290 3106 1369 3182 par·

158 3187 340 3267 culorum,
365 3201 503 3276 quoque
522 3206 592 3257 non
610 3185 711 3257 sensit
727 3208 770 3257 ex
782 3182 952 3258 sententia
963 3181 1372 3256 Ecclefiaedominantis.

146 3284 261 3382 -Quae
278 3275 396 3349 omnia
413 3298 456 3350 ex
475 3279 613 3353 Ottone
634 3279 846 3373 Frismgense
872 3278 917 3351 de
942 3276 1045 3376 gestis
1069 3276 1249 3352 Frederici
1271 3277 1295 3351 l.
1319 3277 1370 3350 ll.

148 3403 219 3456 mr.
246 3391 284 3448 et
310 3371 516 3463 Guntlrero,
548 3392 656 3468 poeta
679 3375 861 3470 Ligurino,
888 3376 926 3448 in
953 3371 1371 3457 colleeiione-Reuberi,

149 3469 343 3556 -conslant3
367 3469 424 3564 qui
440 3488 578 3543 autores
595 3470 785 3545 Arnaldum
800 3490 993 3567 propterea
1008 3469 1172 3543 dixerunt
1188 3465 1257 3541 effe
1269 3466 1371 3561 Epis·

139 3588 327 3666 «coporom
342 3565 604 3659 derogatorem,
631 3587 667 3638 et
683 3570 936 3642 Monachorum
949 3565 1224 3664 persecutorem,
1243 3564 1373 3638 Laico·

155 3687 235 3744 rum
250 3680 334 3735 vero
349 3660 578 3752 adulatorem,
604 3663 727 3758 absque
744 3685 782 3736 ut
801 3662 954 3756 ingenii,
982 3678 1038 3736 aut
1054 3661 1152 3734 vitae
1169 3657 1372 3748 districiae,

142 3760 291 3842 alaudem
308 3754 371 3850 ipsi
388 3755 559 3853 denegare
575 3759 703 3832 suerint
720 3757 799 3833 aust.
849 3758 934 3832 Vid.
959 3756 1082 3846 etiam,
1108 3774 1248 3852 praeter
1264 3757 1374 3830 Otto·

152 3883 260 3946 nem,
286 3850 474 3926 Bernartius
489 3851 584 3947 epist.
606 3875 685 3942 195.
695 3855 736 3926 ad
745 3851 956 3948 Episcopum
966 3846 1288 3943 constantiensem,
1310 3849 1374 3926 ubi

140 3966 252 4041 'inter
271 3949 353 4032 alia,
381 3951 569 4022 exclamat:
593 3951 718 4022 utinam
741 3965 809 4021 tam
824 3946 934 4038 sanae
960 3950 1034 4046 ψει
1059 3951 1239 4039 dotlrinac,
1261 3968 1376 4046 -quam

88 4100 91 4105 ·
138 4058 316 4160 distortae
328 4046 447 4122 ritae?
462 4045 531 4132 sed
547 4045 585 4122 io
599 4045 716 4144 specie
733 4043 1381 4218 seseRotnaniPontificisinperioffj.

132 4178 187 4234 'ct
