3022 4806
136 610 229 682 194.
533 582 681 675 Historia
701 577 972 680 Eccltfillni'll.
1026 532 1035 549 ἱ
1070 645 1073 649 .
1101 652 1106 657 .

144 763 237 861 apud
263 758 449 835 Mobillon.
472 761 496 837 l.
527 761 588 836 cit.
621 786 660 853 4.
692 763 751 836 De
785 758 981 856 pulsatione
1013 775 1128 835 autern
1162 776 1343 854 campanae

146 863 217 934 lioc
245 878 283 932 et
307 855 484 953 superiore
510 854 625 930 seculo
649 855 793 948 usitata,
816 855 952 930 constat
978 879 1023 931 ex
1049 854 1232 945 Caesario,
1256 858 1350 929 mod<

145 960 285 1042 citato,
313 974 354 1027 ac
378 951 557 1027 Gulielmu
581 953 774 1044 Parisienli,
797 955 892 1027 inter
907 953 1004 1046 cujus
1023 949 1150 1027 statuta
1163 952 1283 1023 locum
1301 952 1350 1025 lia

146 1054 232 1142 bet,
258 1068 294 1122 ut
311 1051 345 1121 in
363 1047 575 1122 celebratione
598 1049 782 1146 mislaruin,
815 1050 938 1144 quando
960 1067 1072 1143 carpus
1106 1046 1222 1141 Clrrlsti
1257 1046 1350 1121 alena

147 1165 221 1235 tar,
244 1149 278 1217 in
302 1143 373 1238 ipsa
395 1145 593 1236 elevatione,
627 1148 679 1219 nel
697 1144 794 1240 paulo
816 1159 916 1235 ante,
941 1164 1103 1240 campana
1123 1141 1331 1238 pulsetunut

141 1241 194 1338 fic
217 1258 337 1314 mentes
356 1237 505 1335 fideliam
528 1242 571 1314 ad
594 1246 768 1316 orationem
794 1244 995 1316 recitentur:
1027 1240 1180 1334 denique
1201 1260 1250 1311 ex
1275 1235 1350 1312 anti

144 1339 271 1434 quiore
296 1337 409 1407 lvone
435 1338 646 1410 Carnotense
670 1335 772 1434 epist.
800 1358 905 1426 142„
936 1334 1025 1408 licet
1056 1335 1132 1428 eJua
1154 1331 1350 1408 testimoni·

148 1454 207 1506 um
231 1428 343 1502 minus
367 1426 410 1502 sit
434 1431 657 1523 adcurntum,
682 1432 805 1507 clarius
827 1451 915 1506 vero
940 1452 989 1503 ex
1017 1427 1185 1524 Gregorii
1212 1428 1277 1500 ix.
1303 1428 1350 1502 de

149 1543 272 1615 creto,
299 1525 338 1598 de
367 1522 534 1621 pulsandis
554 1534 654 1603 eliani
678 1529 847 1622 campanis
861 1528 905 1600 ad
919 1523 1140 1619 caprulanum
1160 1520 1283 1619 Clnsta·
1298 1545 1350 1599 tna

172 1645 237 1694 oris

148 1641 230 1885 Ἃ
256 1716 420 1792 CLXVI.
449 1718 602 1794 Adceffit
625 1716 768 1792 solenne
795 1716 942 1807 festum,
968 1714 1061 1813 quod
1074 1711 1204 1812 festam
1218 1712 1350 1790 Deiad

146 1834 176 1982 f
210 1815 322 1903 latur,
347 1813 385 1884 in
411 1812 582 1887 honorem
606 1813 831 1905 sacramenti,
863 1815 1011 1908 indeque
1036 1831 1110 1886 orta
1131 1806 1284 1907 protnffio
1306 1806 1350 1884 so

161 1905 266 1982 ennio.
315 1905 450 1980 Festum
475 1905 526 1981 est
537 1911 582 1981 ab
599 1907 743 1983 Urbano
761 1910 827 1984 IV.
853 1906 1049 1983 institutum
1074 1928 1104 1982 a.
1134 1914 1265 1995 1264„
1296 1928 1350 1981 ce«

149 1999 348 2079 lebrandum
374 2005 575 2092 annuatim,
605 2003 692 2077 seria
709 2004 827 2100 quinta
843 2003 922 2099 poll
940 2003 1098 2095 uela-vam
1116 2000 1350 2090 Pentecosten¹

150 2099 244 2173 edita
265 2095 535 2189 constitutione,
554 2124 573 2174 a
590 2099 724 2173 Bzovio
737 2121 770 2173 a.
784 2105 891 2189 1264.
909 2096 1094 2186 recensita,
1119 2117 1154 2169 et
1171 2084 1350 2173 ieelim

137 2218 169 2269 a
189 2196 369 2268 Clemente
388 2197 460 2285 V.,
485 2195 583 2271 edito
599 2196 788 2292 diplomate
815 2215 993 2286 a.1311.,
1017 2184 1298 2282 confirmatum:
1319 2212 1350 2266 ai

152 2291 314 2365 omnibus
336 2289 528 2383 injunctum
555 2288 813 2365 celebrandum.
861 2288 949 2361 vid.
972 2288 1123 2361 Bzovius
1139 2288 1182 2361 ad
1198 2308 1229 2361 a.
1252 2310 1268 2362 i
1276 2306 1350 2383 31'p

144 2383 314 2455 >Officium
340 2405 428 2454 vero
446 2407 510 2476 pro
533 2384 622 2458 festo
646 2383 876 2476 compositum
885 2379 935 2455 est
956 2404 974 2454 a
993 2385 1136 2456 Thomu
1154 2383 1350 2479 Aquinate⁴

148 2496 187 2547 ut
213 2475 352 2548 Natalis
375 2477 571 2550 Alexander
594 2478 723 2553 differt.
749 2480 815 2552 Vl.
842 2476 1104 2551 demonstravit.
1155 2478 1350 2553 Proximam

147 2589 265 2644 autern
289 2569 502 2645 occasionem
535 2570 615 2646 festi
640 2574 801 2668 praebuit
826 2571 1047 2662 miraculosa,
1075 2592 1115 2646 ut
1148 2572 1350 2667 praetende·

153 2667 273 2752 batur,
307 2665 480 2759 sanguinis
506 2667 651 2741 effluxio
676 2693 722 2743 ex
747 2667 877 2757 hostia,
909 2667 944 2741 iii
976 2669 1055 2741 loco
1080 2690 1148 2739 non
1175 2670 1285 2765 longe
1314 2670 1350 2743 al

150 2759 411 2849 urbevetere,
438 2763 578 2837 Bolsena
609 2761 727 2853 ditio,
766 2763 824 2835 sed
849 2762 1092 2852 remotiorem,
1117 2764 1350 2839 revelationes

148 2856 319 2952 quaedam
345 2857 556 2933 mulierculis
583 2854 829 2934 Leodiensium
849 2858 981 2945 saitae,
1012 2857 1153 2931 delesti
1175 2861 1350 2933 celebrati·

143 2976 232 3036 one
250 2953 482 3042 instituenda,
522 2978 611 3027 cuin-
639 2956 798 3029 Urbanus
830 2955 912 3028 esset
943 2952 1214 3028 Aichidiaconua
1241 2956 1350 3027 adhue

144 3047 362 3119 -Leodiensis,
414 3051 501 3124 Vid.
538 3048 765 3127 Diaestemiun
796 3053 973 3138 Blaeiur,
1021 3049 1119 3122 Prior
1159 3053 1194 3123 S.
1256 3052 1350 3123 acoul

147 3141 373 3229 Leodiensis,
402 3145 440 3218 in
465 3153 689 3218 commentario
711 3149 748 3217 de
771 3144 968 3239 institutione
994 3150 1130 3238 corporis
1151 3051 1292 3240 Clirlsdl,
1323 3168 1350 3222 a.

151 3244 256 3328 1496.
283 3239 505 3334 conscripto,
533 3259 568 3312 et
593 3242 669 3334 ejus
687 3261 888 3334 excerptum
906 3240 992 3332 apud
1011 3240 1176 3313 Bzovium
1195 3265 1227 3315 a.
1250 3261 1350 3333 1230.

146 3330 394 3428 Proiefflnnem,
422 3357 485 3432 qua
509 3358 635 3430 corpus
659 3334 786 3408 Christi
809 3357 853 3406 eo
872 3337 937 3406 die
962 3335 1004 3407 ad
1021 3358 1184 3432 pompam
1202 3335 1350 3410 circum·

146 3429 321 3525 gestatur,
347 3430 438 3504 haud
460 3429 524 3504 diu
551 3429 630 3526 post
655 3430 755 3507 fuiffe
782 3428 1029 3518 introdullam‚
1064 3434 1194 3503 docent
1218 3432 1350 3530 antiqui

146 3524 225 3599 libri
248 3524 402 3613 rituales,
431 3527 524 3600 circa
548 3549 589 3600 en
614 3545 772 3625 tempora
795 3525 977 3622 conpositi.
1027 3525 1197 3599 Nonnulli
1207 3527 1350 3623 quide

143 3642 193 3695 ex
229 3620 600 3697 catholico-Romanis
632 3644 775 3718 putant,
809 3645 936 3717 corpus
968 3620 1096 3695 Christi
1131 3644 1201 3695 non
1236 3622 1350 3698 statim

143 3735 328 3812 patenter,
353 3716 410 3787 sed
438 3718 566 3806 calice,
592 3722 648 3793 vel
674 3719 773 3806 vase,
798 3717 1056 3807 absconditum,
1083 3713 1184 3789 fuisse
1200 3718 1350 3795 circum

144 3809 336 3908 gestatum,
365 3827 402 3882 et
426 3812 564 3905 publice
583 3837 653 3888 non
681 3812 743 3887 nisi
765 3808 878 3907 aliquo
899 3832 1058 3910 tempore
1080 3811 1158 3909 post
1176 3812 1350 3910 coepill'e¹

146 3929 269 3984 verum
294 3906 437 3981 refutati
465 3910 539 3980 sunt
563 3932 583 3982 a
608 3911 775 3982 Mostene
808 3916 852 3979 de
883 3913 984 4004 antiq.
1018 3909 1143 4003 Eccles.
1178 3908 1350 4006 disciplina

130 4002 233 4113 ‘'eap„
265 4024 323 4100 29.
371 4000 486 4078 Fuisse
522 4025 601 4080 eain
622 4003 1006 4103 aciicumgestationem
1045 4007 1086 4082 ad
1128 4010 1350 4117 Paganoruu

131 4122 145 4167 μ’
211 4157 219 4171 ·
764 4150 774 4163 ”
1146 4150 1155 4170 ι
1180 4146 1188 4161 “
1214 4148 1221 4163 ·
1259 4122 1350 4177 ’ΝΜ
