2976 4830
186 430 190 437 ι

131 557 204 657 344
520 533 668 634 Historia
691 534 818 633 Eccles.
844 537 957 636 Clrrt‘st.

129 714 258 810 pentir,
286 709 339 782 vel
361 710 547 799 columboe,
571 713 714 810 Christus
736 722 873 808 potuerit
908 732 966 790 out
990 713 1135 790 debuerit
1158 710 1340 810 adsumere?

136 831 243 884 utrum
268 807 360 879 Dens
385 805 477 901 pnfflt
501 811 619 883 ltornivri
643 815 877 887 damnationem
903 812 1075 882 revelare?
1098 827 1207 884 utrum
1230 809 1337 891 fabian

134 909 262 983 reddere
287 901 468 996 insetinm?
493 923 600 978 otram
626 909 806 1004 universale
831 907 1015 1003 conservare
1032 904 1107 996 stne
1127 902 1334 999 particulari?

135 996 243 1075 utrum
274 1000 385 1083 Deos,
410 1022 452 1068 arr
485 1002 662 1089 lvovvro,on
692 1026 733 1074 ex
765 1023 892 1097 utroque
923 999 1085 1091 nunrnſst
1112 998 1332 1090 Populiana·

135 1099 222 1171 nus?
247 1095 325 1166 Alia
347 1093 470 1166 similia
496 1097 638 1171 infinita
656 1098 775 1173 mitto.
814 1123 846 1172 a.
873 1096 992 1170 Insana
1017 1094 1179 1191 superbia
1199 1094 1261 1167 hos
1280 1093 1330 1163 ho·

141 1200 256 1267 mines
281 1193 489 1262 transversos
513 1193 609 1287 egit3
636 1212 672 1266 ut
696 1214 739 1264 ex
763 1189 1071 1289 disputationibus,
1099 1184 1329 1272 decifionibon

27 1321 29 1325 >
139 1311 176 1361 et
212 1286 344 1372 titulis,
371 1283 448 1355 satis
478 1287 654 1362 elucescit.
705 1289 803 1363 Diui
838 1290 931 1376 lunt,
958 1286 1072 1372 acuti,
1099 1282 1253 1367 subtiler,
1277 1279 1327 1354 lin·

141 1385 299 1481 gulones,
332 1379 626 1474 illuminatiffimi,
663 1384 902 1471 invincibiles,
938 1379 1192 1454 resolutiffimi:
1227 1371 1326 1472 etqui
1379 1394 1381 1410 ¹

139 1486 221 1554 lunt
250 1472 331 1559 alii,
357 1472 591 1569 supranotati.

144 1656 150 1665 ι
187 1571 219 1668 s.
246 1570 398 1642 CCClll.
426 1594 458 1663 3.
485 1573 611 1645 Variae
636 1573 785 1666 denique
809 1571 980 1647 faitiones
1004 1565 1284 1652 eoadiviserunt,
1303 1573 1328 1633 et

141 1670 257 1744 seeum
285 1665 541 1742 commiserunt.
570 1669 687 1741 Divin
717 1671 855 1741 luerunt
880 1690 934 1740 ex.
960 1688 1011 1760 gr.
1030 1662 1069 1738 in
1087 1664 1329 1737 Nominaleret

143 1763 290 1848 Realer,
318 1760 493 1836 Tomistus
517 1782 552 1832 et
576 1765 757 1852 Scotillos,
783 1787 826 1835 ne
852 1763 896 1834 de
920 1757 1067 1834 Lullistir
1089 1760 1215 1833 dicam.
1247 1745 1330 1860 Quos

144 1860 187 1934 ad
220 1857 424 1930 Nominales
448 1877 484 1927 et
509 1859 631 1930 lleales
653 1861 805 1945 adtinet,
831 1857 1038 1942 Nomiuoles,
1062 1854 1126 1928 etsr
1151 1879 1171 1927 a
1197 1852 1338 1926 Rolcelt·

144 1979 192 2030 no
219 1956 284 2025 sec.
313 1952 389 2024 Xll.
417 1951 638 2040 deriventur,
665 1952 883 2049 praecipuam
909 1969 1120 2044 acceperunt
1139 1974 1157 2021 a
1177 1948 1340 2022 Gulielmv

146 2048 303 2125 Ockomo
327 2047 594 2136 celebritatem,
629 2050 713 2124 sicut
743 2048 864 2121 Reoler
889 2072 909 2119 a
935 2049 1036 2118 Petro
1066 2044 1289 2131 Lombardo,
1308 2056 1340 2112 et

145 2148 262 2220 Toma
280 2143 476 2240 Aquinate,
501 2167 542 2218 ac
557 2147 677 2220 Scoto.
727 2143 919 2217 Discrimcn
938 2160 1052 2213 autern
1068 2160 1192 2212 eorum
1208 2141 1274 2212 luci
1289 2159 1343 2210 ex·¹

173 2260 339 2312 ouerunt
364 2240 572 2312 Nominales
594 2240 811 2326 Parifienses,
838 2241 873 2312 in
897 2236 1049 2309 articulis
1072 2235 1113 2306 ad
1130 2235 1343 2308 Ludovicuru

145 2266 241 2424 bu,
267 2335 396 2407 Galliae
414 2335 579 2429 Regem,
598 2337 720 2421 milla,
746 2335 836 2425 apud
853 2333 1026 2406 Baluzium
1042 2328 1080 2401 in
1096 2329 1247 2404 Miscell.
1264 2347 1341 2404 tom.

145 2427 237 2516 lV.,
262 2426 319 2498 ubi
343 2430 504 2500 nonnulla
529 2452 666 2524 quoque
682 2451 803 2499 eornm
823 2429 891 2502 sata
907 2429 1140 2499 recensentur.
1176 2449 1209 2501 1.
1231 2424 1341 2498 Realer

149 2521 201 2599 ibi
232 2521 415 2603 dicuntur,
441 2525 501 2614 qui
527 2546 579 2595 ret
602 2525 847 2618 multiplicatas
869 2523 937 2597 effe
962 2520 1209 2609 contendunt,
1230 2521 1336 2593 secun·

150 2619 233 2690 dum
270 2614 564 2711 multiplicitatem
600 2620 851 2707 terminorum,
894 2619 1093 2702 nominales,
1138 2618 1201 2714 qui
1231 2630 1342 2691 conua

148 2709 360 2799 instituunt,
393 2735 449 2787 er.
483 2736 534 2807 gr.
569 2715 769 2808 sapientiam
804 2717 841 2788 in
873 2715 954 2786 Deo
988 2713 1167 2786 adeltate
1198 2713 1346 2808 separant

149 2810 297 2898 Reales,
314 2805 391 2894 sed,
410 2833 510 2882 unam
528 2809 1092 2907 eandemqnerernelleDeitatem
1106 2807 1345 2903 etsapieutiaru

151 2906 225 2979 Dei
251 2903 392 2977 censent
417 2904 640 2997 Nominales,
667 2908 746 3001 qnia
770 2927 873 2978 omne
900 2905 993 2998 quod
1017 2901 1053 2973 in
1078 2902 1162 2974 Deo
1183 2901 1239 2975 est
1263 2905 1346 2976 Deo·

154 2997 215 3073 est.
253 3020 286 3072 a.
319 3002 538 3073 Nomiualinm
564 3002 783 3097 praecipuum
809 2999 948 3095 ponitur
971 2996 1119 3071 studium
1144 2997 1182 3071 in
1209 2993 1348 3092 cognos-

153 3092 267 3168 cendo
290 3117 413 3167 omnes
442 3097 672 3191 proprietates
700 3097 948 3181 terminorum,
977 3116 995 3164 a
1022 3094 1145 3187 quibus
1168 3094 1300 3167 veritas
1317 3104 1349 3161 et

155 3188 282 3263 salsitas
309 3193 478 3266 orationie
501 3195 685 3266 secundum
716 3194 807 3287 ipsos
832 3187 1026 3282 dependet3
1052 3209 1140 3282 quae
1162 3188 1350 3284 proprieta·

155 3307 206 3359 tes
232 3283 310 3356 sunt
326 3282 525 3380 suppoſstio,
552 3291 741 3383 adpellatio,
766 3289 950 3382 ampliatio,
975 3283 1149 3375 velleitiio,
1176 3282 1350 3375 distributio

157 3402 226 3454 etc.
260 3380 382 3454 Reoles
416 3406 531 3457 autern
565 3385 599 3455 in
635 3386 686 3457 his
722 3386 799 3456 sunt
823 3381 1118 3473 negligentiores,
1144 3377 1353 3472 dicuntque,-

158 3501 223 3550 nos
252 3480 334 3549 iterus
361 3481 406 3548 od
426 3503 497 3568 res,
522 3484 559 3552 de
582 3483 727 3553 terrninis
752 3503 811 3551 uon
835 3500 993 3549 curantur.
1029 3499 1062 3568 3.
1087 3473 1252 3570 Denique
1269 3475 1352 3548 Rea·

158 3577 237 3647 liunt
268 3577 407 3646 nomine
437 3577 604 3665 veniunt,
630 3575 689 3669 qui
714 3574 906 3648 statuebant
924 3570 1148 3643 universalea
1166 3589 1269 3662 parte
1286 3565 1351 3655 rei,

158 3687 195 3751 et
227 3688 308 3740 ante
340 3692 480 3742 omnem
514 3692 608 3760 rem,
634 3673 682 3744 ita
707 3690 744 3742 ut
767 3670 907 3750 deletis,
933 3670 987 3739 vel
1011 3688 1083 3740 non
1108 3663 1352 3748 existentibus,

159 3763 448 3857 particularibus,
487 3763 550 3837 srnt
591 3766 793 3840 universalia
833 3763 999 3850 realiterr
1032 3760 1234 3844 seresrcut
1264 3761 1354 3834 ideae

159 3860 351 3937 Platonicae
385 3883 448 3955 per
481 3861 513 3931 se
548 3863 780 3948 subsistentes,
804 3878 842 3933 et
872 3878 1092 3943 communes,
1119 3879 1263 3950 quanam
1288 3871 1360 3950 pare

161 3959 363 4061 ticipatione
393 3959 653 4061 generabantur
683 3956 875 4054 singularia.
907 3956 1009 4031 ‚Sed
1026 3952 1217 4053 oportunus
1244 3946 1365 4124 {ordita

1280 4060 1353 4134 ent,
