3022 4806
133 143 198 210 142
513 110 657 207 sigilio
682 106 807 203 [ruis.
839 107 953 205 (fl-ist.

139 303 181 377 id
218 297 398 375 consumat
437 290 636 366 Dubmrius
667 290 703 362 in
736 286 868 382 historia
903 291 1057 382 Bolum„
1106 308 1143 364 et
1187 294 1283 372 circa
1319 318 1362 372 a.

141 407 247 490 1184.
271 388 459 489 contigisse
484 386 601 461 tradit.
644 383 714 480 lpll
746 386 952 461 Waldenses
987 387 1027 460 in
1054 386 1239 487 colloquio
1272 405 1367 469 cnut

135 489 306 570 Bohemit
330 487 422 585 apud
449 481 611 557 Lasrtium
634 480 869 571 declararunt,
902 482 937 557 se
956 483 1001 557 ab
1031 504 1065 556 a.
1102 497 1216 565 troo.
1248 486 1365 565 inrue

137 587 311 689 dispersor
334 603 398 680 per
420 577 685 667 Lombardiam,
711 577 925 669 Calabriam,
951 577 1201 672 Germaniam
1233 586 1358 673 Bube-

136 687 263 771 miam,
293 678 444 774 aliasque
468 671 638 771 regiones.
683 670 768 771 Quo
789 675 964 770 pertinet,
997 675 1094 771 quod
1123 674 1221 754 circa
1254 679 1359 761 idem

137 800 277 878 tempor
308 772 448 849 intrasse
479 772 640 846 dicantur
661 770 865 843 Bnbemiam
889 770 962 846 duo
985 770 1149 864 Diaboli,
1181 774 1248 851 sub
1281 776 1358 850 for·

136 900 192 952 ma
214 871 421 958 bominum,
453 867 641 954 docentes,
670 863 799 960 inpune
822 886 972 962 peccare
1002 866 1138 961 licere,
1165 890 1208 946 et
1240 872 1358 950 nudor

135 971 303 1049 incedere
334 966 466 1040 debere
504 962 708 1041 credentes:
752 957 842 1035 unde
882 962 950 1037 sec.
981 961 1067 1036 XV.
1097 982 1178 1039 orta
1208 966 1265 1042 est
1297 992 1357 1045 ca·

134 1063 266 1145 lumnia
290 1063 336 1136 de
360 1060 582 1136 Picardorum
606 1058 762 1131 nuditate.
811 1054 896 1132 Vid.
921 1056 1116 1130 Beausobre
1138 1061 1186 1134 de
1214 1064 1357 1140 Amet·

135 1168 199 1254 tis,
233 1161 275 1235 ad
300 1159 426 1231 calcem
451 1155 616 1230 historiae
638 1152 680 1224 L’
698 1149 852 1224 Enfantii
874 1151 1164 1262 belliHulliticl,
1194 1161 1257 1235 ubi
1287 1164 1354 1239 cti.

135 1247 1008 1451 llrstllllllrllnlll‘libralem
1026 1248 1354 1438 iiia-{wlferii}

138 1450 201 1528 lib.
227 1448 336 1533 XV„
367 1445 401 1518 se
421 1441 592 1554 possrdere
622 1438 903 1513 Conlultatrones
928 1437 1220 1536 Jurrsperitorutn
1251 1452 1352 1527 Ave·

138 1540 379 1630 nionensrum,
419 1558 502 1613 rtem
534 1533 837 1630 Archiepiscorum
872 1535 1130 1631 Narbonensis,
1162 1543 1352 1624 Arelaten.

136 1634 201 1734 fie,
232 1658 269 1713 et
294 1632 483 1745 Aquensis,
517 1652 674 1706 necnon
697 1628 955 1706 ordinationem
980 1632 1183 1710 Albanenfit
1203 1639 1353 1736 Episco-

135 1737 244 1836 pide
268 1730 495 1829 exstupandis
517 1726 776 1814 Waldensrbus,
798 1725 870 1820 jam
894 1746 975 1801 ante
998 1748 1105 1802 annos
1130 1753 1217 1825 340.
1240 1738 1350 1837 scrip-

134 1852 200 1908 tas.
250 1831 292 1901 In
315 1828 386 1902 fine
419 1846 506 1899 vero
535 1844 654 1895 earum
684 1821 972 1896 consultationum
1005 1824 1188 1917 scribitur,
1227 1837 1352 1914 nuum

132 1924 217 2022 ff,
249 1927 302 2018 qni
323 1925 466 2015 ignoret,
490 1918 777 1988 condemnationem
797 1917 1031 1991 hoereticorum
1053 1920 1303 2023 Waldenfiun,
1325 1958 1349 2008 a

134 2022 243 2114 longis
268 2031 352 2088 terro
379 2016 476 2087 annis
483 2064 495 2101 ,
519 2024 589 2083 tom
608 2010 783 2109 justrffime
797 2009 952 2106 sallum,
976 2027 1046 2087 tarn
1059 2013 1254 2117 famosam,
1277 2047 1349 2104 tam

156 2115 295 2188 uilicum
318 2127 388 2183 etc.

131 2135 214 2308 Ρς.
240 2203 384 2280 CXXll.
419 2201 714 2299 Oppugnationer
752 2222 790 2277 et
830 2206 1038 2283 vexationes
1077 2231 1202 2290 eorum
1248 2237 1350 2298 ante·

130 2324 240 2404 ¹quam
262 2319 438 2388 enarrem,
462 2293 704 2392 Aiiigenſsum‚
731 2300 928 2396 quibuscum
958 2325 1013 2378 eas
1035 2304 1235 2386 habuerunt
1250 2335 1349 2393 corn·

134 2421 281 2488 munes,
306 2394 475 2471 notitiam
492 2395 634 2468 tradam.
667 2397 738 2469 Eos
754 2418 772 2467 a
790 2400 976 2491 provincia
999 2399 1156 2477 Albienfi
1180 2428 1219 2481 et
1236 2408 1349 2489 Tolo-

128 2493 232 2584 'sana,
257 2491 317 2566 ubi
339 2491 529 2588 praecipue
553 2491 680 2567 versati
706 2494 803 2580 sunt,
827 2513 952 2569 nomen
980 2499 1172 2591 accepisse,
1195 2505 1347 2587 constat.

134 2586 240 2665 Albia
263 2604 371 2676 vero,
403 2588 460 2660 vel
485 2583 632 2681 Albiga,
659 2588 766 2661 hodie
800 2587 913 2685 Alby,
950 2589 1073 2665 civitas
1102 2616 1182 2671 crat
1213 2599 1251 2674 in
1283 2605 1348 2679 cr.

135 2683 254 2759 durcis
282 2680 355 2779 agri
390 2681 580 2768 Tolosani,
618 2684 702 2756 olim
737 2683 908 2778 adscripta
940 2688 1156 2782 Aquitaniae
1186 2682 1325 2775 Primae

134 2778 288 2855 maxima
320 2799 410 2851 vero
440 2799 517 2875 pars
549 2775 681 2850 Galliae
711 2778 948 2871 Narbonensis
972 2783 1241 2884 hoc'rempore
1278 2756 1346 2871 nos

135 2895 220 2953 rnen
246 2871 405 2969 Albigefii
421 2874 538 2962 tulit,
572 2874 665 2946 unde
688 2872 858 2947 haeretici
893 2874 982 2951 Galli
1016 2885 1169 2972 generali
1202 2896 1349 2969 nomine

135 2967 339 3065 Alblgenses
366 2966 524 3063 adpellari
549 2966 637 3045 sunt.
684 2967 838 3068 Dispersr
870 2991 985 3047 autem
1017 2977 1158 3050 luerunt
1188 3003 1255 3090 per
1291 3006 1348 3063 ιο.

135 3082 212 3143 tum
239 3064 334 3139 illum
362 3064 507 3140 eradium
533 3063 667 3140 Galliae
695 3067 952 3158 Narbonensis,
997 3090 1035 3141 et
1065 3094 1129 3167 per
1161 3075 1347 3160 dioecese,

135 3157 356 3250 Albiensem,
381 3160 652 3254 Cadurcensem,
675 3163 945 3261 Agennensem',
972 3167 1188 3261 Rutlrenam,
1227 3197 1266 3251 et
1290 3180 1346 3255 vi.

130 3256 240 3339 cinna.
287 3255 356 3329 Sed
386 3256 486 3351 cujus
508 3260 644 3352 generis
668 3282 705 3332 et
738 3258 851 3332 seclae
882 3261 1035 3351 suerint,
1071 3286 1141 3338 non
1178 3276 1352 3352 convenit

132 3350 228 3437 inter
260 3348 393 3425 dodior.
443 3352 641 3445 Scriptores
673 3352 868 3442 Pontificii,
911 3379 984 3432 non
1017 3361 1237 3440 recentiores
1267 3388 1346 3448 tan·

137 3470 232 3541 tum,
265 3444 323 3523 scd
346 3462 384 3519 et
408 3464 548 3519 veteres
575 3444 639 3520 sec.
667 3451 785 3538 Xlll.‚
822 3469 859 3521 ur
883 3450 1004 3534 Petrus
1031 3456 1184 3532 Vallium
1209 3463 1345 3545 Cerna-

117 3544 195 3647 γι,
218 3540 411 3625 monachor
437 3538 691 3634 cisterciensis,
724 3545 761 3621 in
790 3545 1023 3640 rllbigensrum
1045 3550 1346 3650 historio‚.1nn0·

114 3682 124 3707 ,
1258 3678 1349 3736 cen·
