3022 4806
112 644 115 649 .
138 607 188 691 ,6
527 593 674 693 Hilinia
698 594 825 697 Esaias.
851 594 967 699 ciust.

126 778 241 868 ,uitae
266 774 445 867 Gratiani,
472 794 510 848 et
528 774 757 866 Tritbemio,
784 775 948 865 traditur,
975 799 1044 853 non
1077 773 1365 871 lueritadproba·

145 898 242 966 tum,
268 871 501 962 utAntonius
517 871 730 967 Augustinus
744 873 886 970 dialogo
903 879 966 948 lll.
987 873 1258 969 demonstravit,
1285 873 1363 951 imo

144 996 272 1069 corpus
304 971 529 1045 decretorum
561 969 721 1042 Gratiani
756 990 929 1064 nunquam
961 971 1095 1046 diredte
1125 971 1167 1045 stt
1203 993 1224 1043 a
1262 970 1363 1062 Papia

145 1069 415 1157 confirmatum,
449 1064 603 1138 obtinuit
631 1086 745 1138 tamen
770 1063 891 1140 senlim
925 1069 1160 1141 authenticam
1181 1083 1361 1147 ‚autorita-

137 1184 243 1255 tem,
270 1164 328 1247 usu
345 1181 381 1235 et
399 1160 616 1236 observantia
635 1159 784 1250 sorensi,
810 1160 912 1254 plane
934 1185 973 1236 ut
997 1166 1058 1259 Jus
1082 1163 1362 1259 justinianeum,

144 1265 292 1341 multum
318 1281 363 1331 eo
386 1256 616 1332 tribuentibus
641 1256 852 1331 Decretiliis
877 1261 913 1331 in
938 1261 1162 1347 Academiis,
1196 1258 1360 1350 opposite

145 1360 188 1434 ad
212 1353 425 1430 Glollatores
454 1354 546 1449 Juris
571 1353 737 1426 Romani.
787 1354 873 1428 Vid.
908 1356 1081 1428 Boehmer
1114 1356 1187 1450 Jur.
1222 1351 1357 1428 [iceles.

121 1458 171 1530 l.
197 1455 227 1526 l.
251 1453 309 1525 tit.
335 1451 381 1522 ll.
433 1451 500 1522 Sed
530 1446 593 1546 ipli
619 1447 799 1523 Pontificii
825 1450 939 1532 varias
968 1450 1093 1526 fovent
1117 1454 1160 1522 de
1192 1447 1269 1542 ejus
1303 1471 1360 1522 au·

146 1548 293 1624 toritatc
324 1543 527 1640 opiniones.
572 1543 657 1619 Vid.
683 1541 870 1618 Mastricltt
904 1548 924 1620 l.
957 1546 1018 1619 cit.
1053 1546 1084 1644 s.
1120 1554 1204 1639 308.
1253 1547 1363 1619 Alex·

146 1647 255 1720 ander
281 1664 369 1716 vero
401 1642 487 1727 Ill.,
521 1661 559 1714 ut
592 1639 675 1715 illud
708 1638 823 1713 obiter
855 1642 1057 1730 observem,
1091 1642 1280 1714 decretales
1312 1639 1362 1715 sui

145 1737 317 1836 temporis
348 1734 532 1831 epistolas,
572 1733 610 1809 in
642 1757 748 1809 unum
784 1737 952 1811 volumen
992 1736 1172 1825 redadias,
1215 1735 1363 1822 consulta

145 1831 339 1916 Alexandri
364 1829 548 1926 adpellari,
574 1850 611 1905 et
636 1830 796 1906 Gratiani
823 1832 1068 1927 compilationi
1093 1834 1191 1921 addi,
1224 1834 1360 1924 voluit,

146 1953 188 2009 ut
215 1927 427 2004 inservirent
456 1925 529 2021 juri
558 1925 754 2017 Canonico,
788 1923 858 2001 vid.
890 1928 1066 2022 adpendit
1090 1927 1231 2001 concilii
1255 1929 1361 2001 Late·

143 2028 221 2106 rani
240 2025 326 2112 lll.,
353 2022 413 2096 ubi
432 2022 521 2094 haec
551 2022 663 2100 exstat
690 2020 864 2096 colleiiio.
913 2024 1099 2114 Ceterum,
1128 2047 1205 2097 cum
1232 2027 1364 2099 multos

145 2127 185 2204 in
210 2124 278 2197 ltoc
302 2117 488 2193 condendo
511 2139 615 2214 opere
637 2115 853 2192 commiserit
886 2119 1072 2192 Gratianus
1102 2141 1254 2207 errores,
1291 2119 1365 2193 save

147 2248 169 2299 a
193 2215 391 2293 Burchardo
415 2235 451 2289 et
474 2214 569 2305 aliis,
602 2238 687 2312 quos
711 2215 849 2288 secutus
872 2212 944 2302 est,
977 2213 1047 2287 stve
1081 2217 1123 2289 ab
1154 2217 1364 2311 Interpreti·

145 2323 232 2404 bus,
257 2312 416 2405 Linguae
445 2309 577 2380 Gracae
601 2311 734 2402 quippe
759 2307 910 2401 ignaris,
931 2309 1104 2405 >deceptus
1129 2310 1256 2402 suerit,
1282 2311 1357 2385 save

145 2409 261 2508 spuria
285 2428 349 2502 pro
373 2401 537 2498 genuinis
561 2403 754 2490 babuerit,
778 2403 849 2476 stve
873 2424 1010 2477 autores
1033 2425 1070 2476 et
1094 2406 1241 2478 concilia
1274 2430 1361 2481 con·

145 2500 300 2588 fuderit,
336 2498 424 2571 varii
447 2501 515 2571 lec.
541 2498 644 2573 XVl.
668 2497 750 2572 illud
776 2500 962 2583 emendare
995 2499 1236 2588 instituerunt,
1273 2502 1363 2576 srcut

146 2620 186 2679 et
209 2593 403 2672 correnum
436 2590 572 2690 prodiit
595 2616 624 2668 a
654 2603 761 2684 1580.
787 2616 868 2668 cum
899 2597 1157 2691 approbatione
1192 2597 1363 2692 Gregorii

146 2698 249 2776 Xlll.
302 2694 436 2764 Interea
460 2689 543 2762 dum
569 2689 638 2764 hoc
663 2691 789 2781 fiebat,
824 2714 943 2764 manus
966 2691 999 2765 ci
1024 2691 1184 2766 admovit
1210 2694 1365 2768 Antoni·

148 2819 191 2871 ιιι
216 2786 452 2886 Augustinus,
480 2786 745 2860 Tarraconensis
768 2787 1089 2883 Archiepiscopus3
1123 2787 1263 2882 scriptis
1288 2792 1363 2862 dia

146 2889 240 2987 logis
264 2887 309 2960 de
333 2884 549 2957 essentialium
575 2883 752 2974 Gratiani,
793 2905 878 2980 quos
903 2886 1037 2980 optime
1062 2907 1142 2955 cum
1171 2885 1263 2958 notis
1292 2883 1364 2958 edi·

149 2986 206 3061 dit
232 2979 398 3054 Baluzius.
450 2978 636 3075 Denique,
661 2981 806 3078 quaein
830 2980 901 3053 hoc
926 3002 1034 3077 opere
1052 2999 1261 3069 occurrunt,
1286 2983 1365 3056 Ro·

148 3070 460 3159 mano-Catholicis
496 3075 612 3148 minus
647 3075 821 3165 faventia,
854 3072 1003 3149 studiose
1037 3098 1055 3147 a
1088 3073 1368 3152 Protestantibus

148 3172 297 3256 colledla
323 3170 420 3258 sunt,
448 3189 486 3242 ut
512 3171 652 3260 Pfaffio,
677 3174 721 3245 dc
740 3171 959 3268 dogmatibus
974 3170 1225 3267 Protestontiurn
1250 3195 1292 3245 ex
1304 3179 1364 3267 ju·

143 3299 183 3366 ‚re
212 3277 362 3356 canonico
388 3270 622 3358 cornprobutt’s,
662 3269 720 3340 sed
742 3268 811 3361 jam
839 3286 942 3339 antea
969 3268 1005 3339 in
1042 3269 1200 3359 catalogo
1233 3267 1364 3356 sellium

142 3371 306 3450 ⁴veritatis
334 3367 355 3436 l.
377 3363 481 3452 XV.‚
509 3382 546 3435 et
565 3367 607 3435 ab
624 3362 778 3436 Alstedio
798 3362 1033 3457 Encycloped.
1053 3364 1073 3435 l.
1094 3364 1211 3437 XXV.
1240 3365 1365 3438 'lireo-

148 3472 219 3565 log.
245 3458 324 3536 seu.
350 3458 417 3535 lV.
445 3459 504 3552 qui
530 3478 574 3531 ex
599 3459 760 3554 Jolranne
786 3459 931 3533 Hallero
948 3460 1061 3531 ideam
1086 3457 1244 3531 exhibuit
1273 3457 1363 3555 sym·

140 3644 144 3656 y
172 3562 287 3638 ironiae
306 3554 587 3723 jurisbcanoniti,
614 3554 673 3630 seu
698 3558 819 3632 decreti
843 3555 997 3628 Gratiani
1019 3578 1100 3630 cum
1124 3555 1299 3650 Scriptura
1325 3558 1365 3634 S.

235 3668 389 3746 scaprtr
413 3671 462 3723 ur.
955 3690 958 3694 ·
1349 3718 1352 3723 .

140 3681 233 3854 msa,
258 3747 374 3825 XXll.
399 3746 597 3822 Succedunt
622 3743 800 3842 Historia,
826 3746 898 3822 liue
922 3747 1190 3843 compilatores,
1215 3746 1286 3821 stve
1303 3769 1368 3823 au·

149 3871 267 3935 tores,
294 3846 447 3920 fuerunt.
499 3842 635 3917 Floruit
668 3846 790 3937 utique
815 3844 964 3920 celebris
992 3845 1056 3921 iste
1082 3845 1245 3939 ilistorias
1268 3844 1366 3918 Scito·

149 3949 288 4052 ldlitos
313 3939 496 4027 conditor,
533 3942 592 4037 qui
624 3938 721 4013 libris
744 3937 893 4014 sedecim
915 3941 951 4014 in
977 3941 1227 4038 compendium
1262 3941 1365 4014 rede·

144 4042 209 4151 gir
239 4041 346 4125 libros
374 4032 564 4119 historicus
595 4036 683 4118 Vct.
716 4054 755 4115 et
786 4035 889 4122 Not.
923 4037 1057 4202 Tell,
1098 4033 1157 4117 sed
1196 4035 1373 4217 admffi
