3022 4806
667 109 771 182 decus.
803 111 899 182 siis.
1317 149 1388 217 40?

156 291 238 366 dem
267 290 470 363 Latinorum
500 289 662 387 penitus,
692 291 785 359 nullo
813 308 965 379 excepto
983 288 1123 386 cipite,
1151 292 1379 391 consensisse,

152 390 246 483 apud
279 389 522 482 Raynalduni‚
557 409 593 459 et
629 389 784 457 Leonem
818 386 1013 476 Allatium,
1046 390 1089 461 de
1119 388 1283 464 consensu
1308 415 1380 468 etc.

150 483 175 560 i.
201 485 249 557 ll.
274 505 308 556 c.
337 507 395 578 17·
421 486 489 558 Sed
522 483 619 557 fileot
645 480 833 576 byzantini
860 480 1069 575 scriptorem
1093 505 1160 556 nec
1185 486 1269 560 ullus
1295 507 1380 581 tunc

147 575 241 653 sedit
263 577 409 668 Paulos,
444 580 639 653 Patriarcha
665 579 884 658 CPolitanus,
919 581 980 673 qui
1007 579 1203 674 lnperatori
1230 583 1381 673 traditur

149 693 238 748 tunc
259 672 425 764 adfuille,
458 699 582 748 verum
611 675 831 760 Philotlieus,
867 670 1001 745 Latinis
1032 668 1193 762 infestus,
1235 697 1272 748 et
1297 681 1378 758 dein

149 771 333 844 Macarius
357 791 426 844 erc.
479 774 562 845 Vid.
592 770 791 843 chronicon
826 769 1006 841 Orientale
1041 772 1132 867 apud
1164 773 1375 852 Leunclavi·

144 885 220 943 um.
271 865 485 942 Habendum
510 870 629 963 itaque
654 866 736 939 illud
762 862 813 936 est
840 887 905 960 pro
930 864 1078 942 incerto.

458 1058 761 1134 SCRIPTORES
785 1055 854 1129 ET
877 1054 1079 1134 STUDIA.

193 1247 228 1348 ς.
254 1247 475 1325 cchxiii.
517 1247 718 1323 Schismatit
758 1225 910 1345 denique
950 1247 1257 1324 continuationem
1290 1273 1372 1333 cum

146 1346 364 1440 scriptores,
381 1346 439 1442 qui
466 1346 634 1418 calamum
660 1366 781 1419 contra
804 1344 950 1419 Latinos
974 1344 1206 1434 strinxerunt,
1232 1368 1373 1444 quoque

143 1440 340 1526 evincant,
364 1448 407 1515 ab
440 1443 484 1514 iis
507 1463 627 1513 eoiuin
652 1439 887 1513 recensionem
912 1440 1095 1538 incipiam.
1147 1444 1283 1514 Floruit
1308 1446 1371 1520 sub

144 1537 358 1612 Andronico
389 1535 545 1622 seniore,
571 1537 605 1609 ei
639 1537 789 1608 maxime
819 1555 1003 1628 acceptus,
1032 1540 1208 1613 Maximus,
1240 1537 1370 1619 Plana,-

147 1633 227 1721 ἐκ,
264 1633 468 1705 Monachus
500 1630 677 1717 Graecus,
712 1633 767 1704 vir
799 1630 974 1717 eruditus,
1005 1649 1040 1701 et
1074 1654 1216 1724 utraque
1248 1631 1367 1730 lingua

144 1729 305 1827 peritur,
330 1729 391 1820 qui
417 1730 630 1802 Graecorum
657 1725 790 1821 prinus
813 1726 977 1796 censetur
995 1723 1072 1798 usur
1098 1726 1194 1799 cisiis
1214 1725 1368 1821 indicit,

144 1825 208 1899 seu
233 1821 417 1909 Arabicis,
451 1823 489 1896 in
515 1822 747 1910 numerando,
772 1839 810 1893 ut
834 1842 879 1892 aa
902 1818 1078 1893 Kircherii
1103 1819 1369 1922 Arithmologia

144 1919 355 1994 observavit
388 1904 664 2012 Papebiocliius,
690 1918 728 1990 in
761 1913 908 1990 titolata
932 1913 1164 2012 praeliminari
1189 1935 1274 1993 tom.
1300 1924 1367 2001 ill.

143 2012 234 2099 nel.
266 2010 383 2088 Sanst.
416 2013 522 2109 Maji.
557 2013 644 2085 Vid.
669 2013 775 2086 etiarn
802 2010 940 2106 Moyne
967 2013 1053 2087 Var.
1079 2014 1113 2089 S.
1139 2030 1224 2088 tom.
1251 2015 1298 2089 ll.
1325 2041 1362 2112 p.

146 2129 239 2206 797.
288 2111 388 2181 lnter
424 2113 554 2194 multa,
588 2130 676 2202 quae
706 2106 906 2202 composuit
937 2130 1065 2204 opera,
1100 2108 1212 2182 exstat
1242 2109 1366 2186 tradit·

145 2224 206 2281 tua
233 2203 280 2299 de
306 2202 499 2300 proaefflone
532 2208 675 2297 opiinus
703 2206 738 2279 S.
764 2223 885 2278 contra
910 2203 1076 2287 Latinos,
1100 2206 1190 2300 apud
1216 2205 1362 2282 Petrum

144 2299 342 2377 Arcadium
362 2301 396 2371 in
414 2302 566 2395 opusculis
583 2304 705 2374 aureis.
728 2301 810 2399 Quo
826 2297 949 2370 eodem
967 2301 1003 2370 in
1021 2321 1130 2392 opere
1148 2300 1364 2374 versatisunt

140 2396 217 2471 duo
242 2392 429 2486 Cabafilar.
460 2402 548 2468 alter
564 2395 690 2484 Nilus,
715 2398 800 2467 alter
818 2394 1007 2476 Nicolaua,
1035 2392 1163 2486 prioris
1179 2416 1223 2467 eri
1240 2392 1364 2470 sorore

141 2514 271 2589 nepos.
319 2489 624 2580 NilarCabafilas,
649 2487 940 2585 Archiepiscopus
966 2488 1303 2577 Thellrlonicenfis‚
1326 2512 1362 2569 a.

146 2589 255 2683 1340.
298 2587 464 2673 celebria,
499 2588 586 2660 duos
628 2584 760 2681 scripsit
801 2585 906 2657 libros
936 2584 980 2654 de
1013 2584 1117 2658 causis
1147 2584 1364 2663 divisionum

140 2679 344 2765 Ecclesiae,
379 2702 416 2754 et
448 2682 599 2755 Primitu
633 2683 766 2773 Papae,
798 2703 817 2753 a
842 2677 1003 2750 Silmasio
1028 2682 1137 2752 editos
1163 2682 1203 2754 ad
1229 2683 1361 2758 calcem

140 2778 226 2859 libri
258 2779 304 2853 de
341 2778 492 2852 Privata
524 2780 648 2871 Papae.
707 2780 809 2851 Alter
837 2775 1016 2860 Nicolaat,
1049 2776 1199 2864 primum
1233 2778 1360 2854 Sacelli

140 2892 306 2963 curator,
338 2889 420 2946 dein
446 2874 736 2967 Archiepiscopus
762 2868 1073 2944 Thellalonicenfis
1097 2871 1134 2944 in
1159 2873 1272 2948 locum
1296 2876 1361 2951 Pa·

141 2968 238 3061 troi,
260 2970 385 3045 floruit
406 2969 500 3044 circa
517 2991 594 3043 ann.
619 2992 747 3063 135o.,
773 2966 946 3039 variorum
967 2989 1111 3061 operum
1127 2987 1243 3054 autor,
1268 2971 1361 3047 inter

141 3154 145 3161 Ι
171 3087 235 3141 uae
259 3067 337 3139 sunl
360 3086 482 3139 contra
508 3066 653 3138 Latinos
677 3067 722 3137 de
745 3067 900 3156 liturgia,
934 3079 973 3133 et
1003 3060 1191 3160 praaefflonr
1217 3068 1360 3160 Spiritui

141 3089 180 3240 g.
223 3162 324 3234 Plura
357 3163 401 3232 de
436 3181 584 3258 utroque
630 3157 781 3234 Cabasila
813 3156 1002 3253 suppeditat
1027 3159 1101 3234 Leo
1128 3162 1295 3251 llllaiius,
1318 3166 1360 3239 iu

138 3261 290 3335 diatriba
314 3261 352 3330 dr
375 3257 484 3346 nilis,
510 3253 625 3331 recusa
648 3271 670 3329 'a
696 3252 855 3328 Fabricio
882 3253 966 3349 libi.
994 3253 1055 3327 Gr.
1082 3259 1151 3330 vol.
1180 3260 1228 3335 V.
1278 3260 1357 3330 Flo·

143 3357 213 3428 ruit
245 3355 370 3427 eodeni
406 3373 567 3450 tempore
606 3353 791 3426 &metrias
827 3351 970 3426 illidii
1004 3352 1130 3447 Cydan,
1154 3355 1246 3448 quod
1280 3351 1356 3445 rjus

138 3449 210 3527 fuit
237 3472 454 3541 cognomen,
487 3451 639 3547 Johanni
672 3453 916 3522 Caniacuzeno
951 3447 1149 3535 familiaris,
1182 3471 1261 3520 cuin
1285 3470 1357 3529 ouo

133 3547 253 3628 etiam
281 3544 446 3648 iugieffut
477 3544 531 3624 est
558 3543 829 3716 monaiktium
866 3545 926 3622 sed
957 3546 1201 3621 Mediolanum
1234 3539 1359 3720 ppllelp

126 3666 129 3671 ·
717 3661 812 3732 eea,
1237 3657 1356 3747 apud
