2976 4830
126 616 200 708 ⁶38
527 603 674 702 ssrstorin
699 601 825 704 Etrlas.
852 601 970 704 Christ.

137 809 259 879 15000
285 783 320 857 in
344 781 468 872 armir,
496 801 532 856 et
557 781 740 878 superioris
772 779 960 879 potestatis
991 783 1117 882 regiae
1151 780 1344 859 deslmdio·

133 908 214 958 nem
239 879 375 966 moliri,
400 878 534 975 suisque
559 877 711 950 interris
733 877 918 953 intendere
944 879 1225 976 Rempublicam
1249 881 1347 976 erige·

133 1001 195 1068 re,
231 979 371 1072 Regem
396 975 650 1062 circumvenit,
676 996 718 1046 ac
740 972 932 1047 contrariae
956 977 1141 1070 prioribus
1163 977 1290 1050 litteras
1307 976 1346 1046 ab

134 1097 180 1147 eo
205 1070 372 1161 extorstt,
407 1071 532 1166 quibua
553 1067 702 1144 inmanis
734 1067 929 1142 sententiae
960 1071 1132 1147 executio
1166 1075 1344 1169 inpetatur.

137 1170 336 1266 Quartum
359 1164 542 1262 recepisset
565 1162 760 1253 Mineriua,
793 1187 850 1238 ear
875 1185 949 1238 non
971 1190 1080 1257 mox,
1113 1168 1176 1244 sed
1199 1190 1346 1241 commo

136 1264 185 1352 do
206 1261 259 1335 rei
280 1263 454 1359 gerendae
473 1279 656 1355 tempore,
680 1257 785 1334 mens.
810 1259 924 1355 April.
956 1285 987 1339 a.
1010 1286 1141 1355 1545„
1165 1263 1203 1339 in
1224 1265 1347 1336 Senatu

135 1355 320 1447 recitavit,
347 1358 390 1431 ab
414 1377 529 1452 eoque
555 1355 747 1453 inpetravit
772 1354 972 1432 delectora
1003 1359 1159 1449 Senatu,
1193 1360 1344 1457 quirem

144 1473 365 1548 quantocyus
383 1471 571 1548 peragant,
602 1454 725 1549 quibus
749 1451 783 1526 se
808 1451 947 1524 Ducem
977 1456 1035 1528 vel
1069 1454 1265 1550 adjutorem
1294 1454 1346 1527 ad·

137 1546 266 1643 junxit.
316 1548 481 1644 Suscepto
513 1547 741 1642 expeditione
783 1545 931 1620 sancivit
962 1550 1143 1624 Minerius
1170 1554 1231 1627 sub
1259 1551 1345 1644 capi·

136 1643 182 1716 tir
206 1665 341 1737 poena,
376 1666 421 1716 ne
446 1640 524 1740 quia
548 1666 609 1716 eos
633 1643 699 1715 ulla
727 1663 764 1715 re
791 1642 950 1737 juvaret,
984 1645 1156 1743 deditque
1188 1646 1346 1722 militibus

137 1737 348 1835 potestatem
373 1737 563 1835 diripiendi
588 1758 625 1810 et
649 1737 862 1811 incendendi
891 1738 1030 1831 omnin,
1066 1744 1259 1839 omnesque
1283 1741 1346 1816 fine

136 1832 339 1928 discrimine
363 1833 460 1906 sexus
482 1851 519 1906 et
544 1831 664 1906 aetatis
690 1830 895 1908 trucidandi.
947 1835 1054 2005 Qfiuod
1078 1837 1178 1914 idem
1202 1839 1343 1933 fuitpu

137 1929 301 2006 blicatutn
327 1929 363 2002 in
388 1929 476 2004 locir
501 1927 662 2002 finitimis
686 1927 827 2001 ditionir
862 1930 965 2003 Ponti
995 1931 1092 2021 ciae,
1124 1935 1225 2028 cujua
1258 1933 1345 2029 Epis·

137 2025 223 2121 copi
260 2046 419 2122 magnam
446 2022 626 2119 copiarum
649 2044 780 2118 partem
815 2044 893 2097 eum
925 2028 963 2099 iu
999 2027 1109 2102 finem
1138 2031 1235 2104 alere
1264 2030 1345 2102 sere·

136 2123 273 2198 bantur.
1008 2174 1010 2179 -

187 2215 220 2385 ἓ.
245 2213 504 2291 DLXXXVII.
535 2214 656 2313 Copiis
683 2214 799 2309 itaque
835 2214 970 2304 divisis,
1002 2217 1189 2294 Minerinr
1219 2220 1344 2294 Metiu-

138 2311 268 2387 do'um
297 2312 424 2407 petiit,
457 2311 607 2408 reliquae
632 2311 752 2406 copiae
776 2309 814 2382 in
838 2311 914 2385 loca
938 2313 980 2385 ad
1005 2314 1219 2390 Druentiam
1251 2316 1345 2390 fluvi·

138 2432 218 2495 um,
252 2427 290 2478 et
314 2411 401 2480 ultra
429 2427 584 2479 montem
611 2405 823 2494 Libronem,
855 2405 1012 2504 irruunt,
1046 2427 1082 2482 et
1117 2410 1341 2508 direptiones,

135 2498 320 2590 incendia,
341 2502 482 2588 caeder,
506 2500 738 2574 foeminarum
758 2499 987 2594 violationes,
1007 2505 1145 2603 aliaque
1162 2506 1342 2599 horrenda,

164 2598 410 2693 naqunversum
442 2594 701 2670 circumferunt.
746 2596 1040 2673 Merindolienses
1077 2622 1224 2694 autem,
1265 2603 1340 2678 nihil

136 2622 214 2791 spei
240 2694 409 2791 reliquum
426 2692 611 2783 habentes,
638 2714 717 2765 cum
736 2690 936 2767 mulieribus
957 2713 994 2767 et
1019 2695 1134 2772 liberie
1151 2699 1189 2772 io
1214 2702 1238 2773 S
1262 2700 1341 2774 lnam

139 2792 289 2865 Laurum
314 2789 522 2885 aufugerunt
540 2810 679 2876 omnes,
705 2787 759 2861 sed
785 2811 864 2861 cum
882 2811 948 2864 nec
971 2787 1021 2863 ibi
1045 2792 1079 2864 se
1106 2812 1207 2868 tutor
1229 2723 1343 2892 depre-

138 2885 366 2974 henderent,
393 2883 505 2980 copiia
531 2883 714 2960 hostilibus
736 2905 779 2956 eo
805 2881 1045 2974 tendentibus,
1077 2886 1163 2963 inde
1195 2888 1343 2967 discesse-

50 3071 51 3074 ,
137 3001 242 3069 runt,
276 2981 481 3076 conjugibus
506 3002 584 3054 cum
609 2977 727 3054 liberis
750 2978 799 3054 ibi
823 2979 971 3066 relitlir,
997 2984 1090 3078 quod
1115 2984 1344 3062 misericordi·

138 3099 195 3151 am
223 3075 371 3148 hostium
403 3076 605 3148 viderentur
628 3073 844 3148 consecuturi
868 3074 1011 3149 inbelles
1032 3079 1173 3171 miseri,
1206 3081 1347 3181 ingente

138 3191 223 3263 cnm
246 3171 359 3258 tuctu,
385 3171 576 3267 mutuisque
601 3170 758 3283 lacrymis
781 3190 818 3243 et
844 3171 1015 3263 precibus.
1064 3174 1136 3249 Sed
1163 3181 1343 3276 rerlonge

139 3263 258 3353 aliter,
290 3289 330 3340 ac
354 3284 536 3362 putarunt,
569 3267 710 3342 cecidit.
762 3265 894 3341 Hostes
919 3269 1015 3341 enim
1039 3266 1196 3345 efferatis
1227 3275 1347 3350 animit

140 3363 183 3436 ad
208 3363 372 3438 inbellem
398 3365 535 3436 turbam
558 3365 787 3450 accedentes,
812 3360 929 3436 omnia
951 3361 1163 3474 spoliarunt,
1189 3369 1346 3444 mulieres

137 3458 303 3549 uiolatae,
336 3460 535 3532 verberibus
557 3459 689 3545 caesar,
714 3456 852 3554 aliisque
876 3458 988 3532 modis
1012 3458 1207 3536 insolenter
1230 3464 1347 3542 tuna·

139 3573 210 3637 tas,
244 3553 279 3624 in
298 3554 370 3629 vita
395 3573 528 3629 tantum
547 3554 783 3649 reliquerunt,
812 3554 1028 3628 Centurione
1054 3559 1206 3654 quodam
1231 3563 1346 3659 equite

141 3647 283 3747 caedem
314 3648 531 3741 inpediente.
599 3651 707 3724 Erant
746 3666 861 3723 autem
892 3651 1057 3725 mulieres
1096 3675 1244 3730 numero
1271 3655 1339 3729 fere

141 3745 365 3842 quingentae.
415 3745 529 3819 Venit
553 3744 686 3820 interea
702 3743 876 3821 Mineriur
890 3745 1149 3826 Meriudolium
1160 3789 1180 3842 ,·
1194 3751 1230 3825 ill

138 3841 263 3919 incolis
288 3863 456 3926 vacuum,
489 3841 682 3935 dereptioni
709 3839 851 3917 tradidit
872 3860 910 3915 et
931 3839 1140 3934 vastationi,
1172 3845 1221 3921 sad
1245 3844 1345 3920 edito

73 3939 77 3946 '
135 3939 235 4039 prius
260 3938 390 4010 erudeli
414 3937 575 4033 exemplo
607 3937 646 4011 in
672 3938 803 4034 juvene
826 3936 1051 4014 inbecillioris
1077 3940 1210 4037 animi,
1235 3961 1346 4040 quem

135 4035 254 4127 arbori
296 4034 673 4134 adligatumulnbusa
711 4050 964 4118 tormentorum
992 4033 1203 4128 militium,
1220 4038 1348 4210 (Ἧι

131 4182 177 4225 o¹
247 4174 255 4221 ;
663 4164 683 4232 ὁ,
724 4184 738 4208 ··
788 4184 799 4200 ⁴
1249 4159 1265 4234 1
1321 4150 1347 4209 ⁸·

103 4482 178 4495 *—
