3022 4806
531 528 679 629 Historia
703 530 829 631 Erclrs.
842 526 981 631 -clrtst

52 818 65 853 ι
140 710 190 786 rit
217 700 394 820 schismati
423 704 616 818 inpositus,
650 728 689 781 ut
720 703 1035 821 mtiltosunestiur
1068 701 1111 780 fit
1142 694 1337 867 sadlnm'gtl
1377 774 1379 785 .

138 804 400 994 illiti:
420 802 972 989 'lill‘l‘llliiiisslii
995 796 1269 993 dlxiiii?
1288 818 1336 984 ,t
1374 798 1379 991 4

144 993 321 1079 Ladillao,
348 994 464 1065 Caroli
488 994 630 1069 Siciliae
655 996 749 1091 regis
771 995 867 1085 filio,
892 1016 1039 1087 regnum
1054 1010 1237 1087 paternum
1253 1004 1332 1071 mor,
1376 996 1379 1087 j

146 1089 226 1189 post
250 1089 360 1160 Patris
383 1088 541 1175 obitum,
575 1090 820 1180 confirmavit,
852 1107 890 1162 et
914 1085 1135 1162 Ludouicum
1163 1086 1209 1158 ll.
1239 1082 1332 1186 Ande·

147 1184 331 1281 garenl'cm
374 1182 522 1255 confixit
563 1184 792 1260 anathemate.
844 1185 948 1258 Unde
989 1183 1118 1257 bellurn
1152 1171 1330 1252 Ecciefiilli·

148 1301 229 1353 cuin
254 1298 326 1359 iton
356 1296 509 1363 tantum,
534 1276 592 1351 sed
616 1298 655 1352 et
679 1279 803 1370 civile,
829 1279 947 1352 denuo
970 1295 1177 1352 renovatum
1194 1269 1259 1362 est,
1279 1269 1329 1370 1¹¹¹?

145 1373 282 1449 dorico
317 1389 354 1441 et
382 1369 539 1445 Ladissao
571 1375 614 1447 de
646 1398 682 1451 re
710 1399 756 1448 no
793 1374 1069 1462 decertantibus,
1102 1368 1141 1444 in
1173 1391 1241 1467 quo
1264 1363 1329 1439 bdlo

149 1491 229 1543 cuni
265 1463 411 1539 vittoni
446 1489 553 1562 perier
582 1400 777 1543 Ladisiaom
811 1468 1002 1557 manserit,
1045 1482 1162 1565 partes
1191 1458 1327 1536 Bonum

148 1564 305 1649 firmatae
324 1563 423 1634 sunt:
450 1583 629 1657 praeterea
652 1568 834 1639 Clemente
853 1565 937 1639 Vll.
960 1560 1150 1650 defuneto,
1181 1583 1212 1633 a.
1231 1574 1325 1649 1394,
1376 1622 1379 1671 1

150 1657 185 1731 ei
219 1677 303 1729 mor
327 1678 470 1751 'quoque
499 1656 659 1731 soffedius
701 1660 751 1734 est
797 1660 984 1734 Benediilitr
1013 1656 1141 1744 xiil,
1164 1671 1259 1729 antea
1282 1647 1329 1718 Pe·
1377 1698 1379 1729 ι

151 1769 227 1826 tior
257 1751 302 1822 de
332 1753 429 1823 Luna
459 1749 580 1825 didlor.
635 1755 785 1849 Reliqua
809 1758 848 1827 ad
874 1755 964 1828 hanc
987 1749 1162 1824 historiam
1186 1744 1326 1844 peroio·
1377 1822 1379 1833 ,

151 1850 204 1923 tia
226 1844 322 1942 perse
348 1868 425 1929 oar,
451 1868 494 1917 ite
521 1846 580 1919 liic
604 1843 663 1918 sim
689 1849 876 1942 prolixior,
903 1849 945 1921 ad
969 1848 1123 1920 seculum
1145 1843 1286 1940 sequent
1324 1924 1329 1933 ,
1376 1836 1379 1921 4

154 1990 165 2038 :
201 1941 231 2036 s,
256 1869 479 2014 ccdxxiv.
506 1939 717 2043 Quousque
750 1943 968 2018 autoritatem
1000 1941 1193 2015 extulerint
1223 1938 1327 2033 ,iiim
1377 1932 1379 2013 Ι

155 2037 326 2148 superque
356 2057 478 2109 omnes
493 2035 699 2204 ‘pot-estates
730 2038 1040 2146 Ecclesiasticaret
1064 2034 1227 2144 seculares
1247 2030 1328 2103 elerii
1377 2046 1379 2059 ·

154 2153 230 2319 ll
241 2155 356 2302 ‘illl‘
370 2132 1326 2324 illisi,illlssltl’lli:inlinisi

156 2321 272 2395 sedern
306 2320 469 2393 censitam
500 2322 597 2393 foisse
622 2324 751 2394 habere
781 2329 945 2412 intratum,
971 2323 1051 2415 quod
1072 2323 1126 2393 vei
1138 2320 1275 2416 sanilam
1291 2330 1326 2378 tl·

156 2418 268 2489 veniat
289 2417 462 2498 ltoiiiiiirm,
487 2416 538 2484 orl
550 2414 734 2507 sanilificet
751 2421 1003 2510 jaminitarum
1021 2435 1115 2503 etc.,
1142 2416 1195 2488 uti
1213 2401 1324 2488 santu-

158 2529 246 2601 epte
277 2510 319 2580 L.
353 2509 506 2578 Colotiiis
535 2514 578 2579 de
609 2509 798 2602 Stignano,
826 2513 1105 2585 Florentinorum
1131 2509 1322 2584 canceluu

155 2604 200 2683 in
240 2600 339 2712 epist.
379 2602 420 2672 ad
454 2603 574 2711 itane.
608 2606 722 2678 Bioni.
756 2607 790 2679 iri
824 2607 1015 2682 Miscellan.
1047 2605 1179 2678 Baluzii
1207 2603 1258 2676 lib.
1275 2585 1325 2664 Ν·

161 2704 325 2795 loquitor.
387 2695 670 2771 infallibilitatem
711 2720 825 2774 tamen
859 2705 1010 2774 nonduin
1051 2700 1134 2793 ipsiu
1173 2695 1261 2773 suilse
1287 2685 1327 2757 dl·

163 2818 260 2893 tarn,
285 2813 344 2869 aut
368 2791 441 2889 ipso
464 2792 557 2864 fatto
581 2795 622 2867 ab
647 2794 726 2886 ipsis
751 2795 968 2889 praestitam,
993 2818 1037 2866 eir
1062 2795 1234 2889 superiore
1254 2783 1328 2861 eoin

163 2896 252 2968 clare
283 2890 418 2964 conllat
448 2886 599 2962 historia.
658 2891 768 2986 Quam
800 2891 938 2965 fortiter
969 2907 1152 2984 praeterea
1181 2890 1282 2981 Reget
1301 2883 1330 2943 el

166 2985 347 3080 Principes
382 2985 650 3077 usurpationibus
680 2990 846 3078 Papirium
871 2983 1061 3059 restiterint
1087 3006 1168 3057 corn
1193 2974 1332 3078 superiosl

168 3085 276 3180 etiarn
302 3084 492 3166 edoceant,
519 3079 580 3152 hic
606 3084 787 3155 nonnullos
813 3103 944 3154 tantum
977 3080 1180 3175 subjungam
1210 3085 1334 3152 autom,

167 3197 307 3279 praeter
339 3199 440 3251 notos
471 3174 682 3265 haereticos,
707 3179 766 3271 qui
795 3175 870 3273 juta
893 3175 1094 3268 Principum
1117 3194 1236 3248 contra
1258 3170 1336 3259 rio·

170 3275 412 3362 vindicarunt,
437 3270 669 3366 aliquietiam
697 3272 915 3367 tyrannidem
939 3272 1096 3364 Papalem
1120 3268 1338 3366 ssowussiift

170 3364 378 3465 horrendam
418 3366 688 3461 corruptionem.
740 3367 891 3441 Litterae
923 3363 1072 3436 Eduardi
1100 3366 1188 3452 iit,
1222 3354 1340 3453 Anglile

169 3467 304 3562 Regis,
330 3466 373 3538 de
396 3463 571 3539 communi
590 3464 729 3538 consilio
746 3459 864 3561 regni,
890 3463 948 3536 seu
965 3460 1204 3545 parliamenti,
1227 3456 1343 3548 scripu

173 3565 217 3638 ad
240 3564 458 3637 Clementem
476 3559 543 3630 VI.
568 3583 596 3630 a.
620 3582 744 3652 1343„
760 3563 862 3633 'inter
877 3559 958 3639 alia,
985 3555 1136 3643 habent,
1165 3557 1283 3627 Viator
1293 3559 1344 3641 pil·

171 3663 296 3759 geniem
331 3652 529 3750 degeneroffe
556 3658 588 3725 iri
621 3657 804 3746 labruscas,
823 3651 1008 3745 strigosum
1027 3647 1128 3742 feros
1160 3675 1231 3722 rant
1261 3624 1346 3730 des‘

175 3780 245 3848 cerr
269 3751 506 3846 inpofitionibtit
534 3749 817 3842 &provisionibus
834 3747 926 3838 sedis
950 3746 1167 3840 Apostolicor,
1184 3747 1349 3844 animato

176 3846 288 3930 iuram
319 3849 457 3945 negligi,
482 3870 522 3918 ac
554 3850 764 3922 mercenarios
786 3842 984 3939 solummodo.
1011 3840 1350 3936 temperatiorem!

129 4004 134 4012 .
175 3953 260 4030 dotia
295 3966 368 4026 etc.
402 3939 789 4071 Vid..Chtonogmphi
820 3939 950 4036 Angli,
981 3957 1019 4013 et
1051 3939 1143 4033 apud
1171 3929 1356 4105 Mgffl.
