3022 4806
589 580 595 595 ‘
662 567 770 650 cerri.
793 569 892 649 XVI.
1293 574 1389 662 ise-'rt

148 747 337 850 telligatur.
393 743 557 852 Quantae
595 770 683 825 vern
725 749 894 825 tenebrae
935 744 973 822 in
1014 744 1184 825 Ecclesiai
1214 750 1377 834 Orientis·

147 871 215 944 per
239 857 331 923 bunc
356 851 469 923 caluin
487 845 620 922 fuerint
635 845 819 937 indubiae,
844 846 882 921 in
902 846 1025 942 vulgus
1039 843 1091 918 est
1105 865 1237 922 notum.
1287 851 1375 928 Nec·

149 944 220 1018 liiii
246 944 338 1018 alind
356 941 517 1018 illustriui
534 944 604 1018 Dei
615 940 811 1038 judicium,
834 940 929 1054 quod
947 940 984 1014 in
1005 941 1095 1015 binc
1110 941 1297 1019 Periodurn
1315 944 1376 1021 iri·¹

143 1040 256 1130 cidit,
288 1059 346 1114 aut
377 1041 472 1138 quod
505 1041 552 1117 iti,
576 1041 696 1114 oculor
727 1037 876 1112 incurrit
905 1035 1025 1132 magia.
1074 1037 1172 1112 Plura
1207 1063 1276 1114 non
1307 1043 1376 1117 rid*

145 1136 234 1306 dpffi
252 1153 290 1209 et
319 1136 362 1211 ab
394 1134 539 1210 aliorum
570 1134 797 1233 opinionibus
828 1131 1067 1223 recensendis,
1094 1153 1132 1206 et
1156 1134 1348 1212 refutandis
1355 1150 1376 1231 ι

146 1253 168 1307 a
226 1230 315 1305 'neo
352 1307 357 1319 ,
398 1308 401 1317 ,
1096 1242 1100 1247 ·
1362 1238 1371 1293 ι

160 1360 166 1369 ·
194 1327 227 1425 s.
252 1324 470 1403 DCXXXV.
496 1328 612 1423 Pergo
636 1327 757 1424 itaque
783 1326 826 1402 nd
850 1325 929 1403 aliar
954 1344 1030 1400 tuin
1060 1321 1111 1402 V.
1138 1342 1214 1400 turn
1237 1326 1289 1404 N.
1317 1328 1373 1403 Ti

146 1422 375 1519 Prophetiaa,
401 1422 644 1519 inquisiturus,
670 1447 751 1498 nuni
783 1426 864 1499 illae
887 1420 1017 1517 aliquid
1044 1418 1294 1516 suppeditent,
1320 1425 1365 1500 ad

147 1520 241 1592 banc
256 1519 442 1598 Petioduni
459 1519 650 1614 pertinens.
671 1520 743 1595 Ubi
758 1540 841 1593 ante
858 1540 973 1591 omnia
991 1514 1092 1589 nobis
1107 1517 1258 1591 occurrit
1274 1520 1365 1594 illus·

100 1615 103 1637 ¹
147 1633 206 1689 tre
230 1611 436 1688 vaticinium
464 1616 508 1686 de
524 1612 746 1689 Antichristo
772 1610 926 1689 aTliell.
943 1613 1009 1702 ll.‚
1035 1610 1093 1684 sed
1112 1613 1246 1708 dequo
1265 1632 1366 1712 agatii

143 1710 187 1784 ad
214 1711 344 1783 calcem
371 1711 471 1804 hujus
488 1710 704 1785 tractationis
722 1711 967 1806 Propheticae.
1013 1708 1155 1779 Praeter
1172 1728 1258 1780 vero
1276 1713 1366 1784 lianc

144 1802 373 1903 Prophetiam
398 1804 515 1897 pallito
539 1807 616 1878 buc·
634 1806 786 1880 refertur
809 1807 978 1901 pericopa
996 1802 1126 1875 Matth.
1144 1801 1285 1879 XXIV:
1307 1822 1364 1900 232

144 1925 277 1992 ···29.‚
304 1900 361 1974 sed
379 1898 449 1973 sine
470 1898 572 1973 solida
586 1905 745 1990 tatione,
771 1904 819 1972 uti
835 1900 971 1975 ostendi
987 1903 1030 1973 ad
1046 1900 1232 1972 Perioclurn
1252 1901 1299 1988 1.‚
1326 1928 1363 1976 u·

146 1996 185 2077 bi
198 1999 305 2092 hujui
322 1999 405 2091 Cip.
426 1996 650 2091 conspectum
668 1995 825 2072 exhibui.
858 1997 975 2070 Mitto
992 2014 1097 2091 porro
1115 2015 1203 2086 qnae
1222 1993 1279 2066 bic
1295 1997 1362 2072 illie

145 2115 195 2171 ex
221 2093 392 2167 Parabolia
406 2089 532 2165 Christi
549 2093 792 2187 proferuntur,
819 2114 905 2186 quae
919 2088 1216 2163 demonstratione
1231 2110 1362 2168 carenti

193 2188 226 2288 s.
251 2187 488 2279 Dcxxxvi.
510 2188 668 2265 Transeo
685 2188 727 2261 td
736 2188 786 2264 V.
801 2189 878 2276 T.‚-
889 2195 959 2262 tion
975 2209 1021 2258 eo
1034 2185 1174 2270 animo,
1191 2203 1229 2257 nt
1245 2191 1363 2263 omnin

143 2285 391 2375 nonnullorum
423 2285 653 2379 interpretum
687 2303 886 2359 commenta
917 2281 961 2357 ad
996 2300 1143 2353 examen
1169 2299 1361 2376 revocem,

144 2380 241 2480 quod
266 2378 332 2453 n'ec
350 2374 482 2452 necesse
498 2378 569 2468 est,
594 2400 664 2455 tiec
680 2380 788 2467 utile3
815 2377 870 2452 sud
887 2399 926 2453 tt
942 2394 1077 2450 tantuin
1094 2393 1253 2473 tangam,
1275 2393 1365 2477 quac

141 2497 269 2575 magni
293 2477 327 2550 se
351 2472 464 2570 specie
488 2474 745 2549 commendant.
796 2471 880 2573 Quo
905 2472 1021 2547 resero
1351 2489 1356 2501 ·

144 2604 149 2613 ·
482 2570 622 2657 Primo,
647 2567 863 2645 Vaticininm
887 2567 1043 2643 Danielis
1065 2565 1108 2640 de
1124 2590 1236 2664 parvo
1251 2591 1361 2644 cornu

142 2668 234 2765 cap.
249 2664 360 2753 Vll,
377 2681 415 2739 et
431 2665 476 2738 de
494 2666 597 2761 Rege
612 2665 761 2760 superbo
779 2667 863 2763 Cap.
881 2665 947 2737 Xl.
960 2669 1024 2759 36.
1033 2661 1125 2756 seqq.
1143 2676 1264 2735 vetum
1279 2685 1360 2739 curn

142 2764 190 2839 tle
212 2761 267 2835 bia
283 2759 367 2836 locir
392 2762 527 2857 egerim
545 2762 582 2837 in
600 2762 799 2837 Continent.
817 2761 860 2833 nd
878 2760 991 2846 Dan,
1016 2756 1075 2831 ubi
1094 2754 1255 2848 ostendi,
1280 2781 1363 2855 per·

141 2857 246 2933 verse
270 2857 332 2931 hic
358 2857 476 2952 quaeri
499 2854 777 2947 Antichristum,
802 2876 889 2952 opus
912 2855 1015 2952 plane
1037 2872 1112 2927 non
1138 2850 1209 2944 est,
1235 2874 1275 2930 ut
1301 2855 1364 2932 bic

142 2973 260 3032 morai
283 2951 432 3029 nectam.
1342 2974 1349 2983 ·

139 3086 144 3093 ·
490 3046 587 3146 Ergo
608 3043 864 3123 consideremus
889 3041 1011 3142 potior
1032 3042 1241 3143 Pericopani
1267 3042 1363 3120 illul·
1424 3090 1427 3094 -

145 3163 237 3223 trem
254 3141 324 3242 Jes.
342 3142 443 3216 uvi.
465 3165 576 3217 10····
589 3145 672 3241 Cap.
690 3143 832 3232 bvii,
851 3140 896 3215 de
914 3161 981 3255 qua
996 3159 1150 3215 mentem
1168 3140 1231 3217 liic
1249 3141 1364 3237 expli·

146 3243 250 3317 cabo.
296 3237 711 3337 Multiiinterpietibni,
736 3239 786 3313 ci.
803 3236 1059 3334 Coccejoviam
1077 3259 1284 3335 praeeunte,
1309 3237 1362 3311 se·
1411 3267 1415 3274 ·

143 3338 211 3413 det
227 3333 372 3430 opinio,
396 3330 465 3406 sata
480 3333 654 3410 Ecclesiae
671 3333 908 3423 Christianae,
933 3354 970 3500 pK
996 3330 1122 3426 ecipue
1138 3357 1159 3408 a
1173 3335 1253 3407 Sec.
1271 3331 1363 3427 IV.·,

147 3429 274 3508 ordine
296 3429 535 3542 praenunciari
586 3431 631 3508 es.
657 3433 742 3525 cip.
766 3428 936 3506 LVI-ub
995 3425 1077 3515 titt
1101 3448 1142 3507 ut
1158 3428 1241 3523 Cap.
1261 3427 1364 3508 LVl:

149 3534 188 3609 8.
205 3522 389 3620 multiplex
405 3525 579 3602 Ecclesiae
620 3525 825 3639 ropagaiio‚
842 3523 953 3599 tribus
968 3520 1103 3597 vicibus
1118 3523 1285 3616 repetita,
1303 3546 1368 3598 ex·

148 3621 336 3708 bibentum
359 3643 394 3695 v.
422 3644 512 3695 vero
534 3645 568 3713 9.
593 3551 759 3697 lenonis
782 3618 999 3695 invasionum
1025 3617 1188 3694 Gentium
1202 3621 1369 3694 unian-

136 3737 231 3794 ·ruin
246 3734 265 3781 a
281 3715 358 3791 Sec.
376 3715 448 3807 V..
473 3716 612 3814 quando
629 3741 647 3794 a
663 3743 698 3794 v.
721 3714 954 3791 rom-LVII.
978 3733 1034 3803 14.
1056 3714 1223 3792 terribilir
1240 3712 1366 3788 Eccle-

151 3811 223 3890 sste·
235 3807 441 3907 corruptio,
459 3810 495 3885 in
512 3814 629 3910 capite
644 3833 683 3887 et
703 3813 891 3899 membris,
912 3809 973 3885 sub
991 3806 1147 3884 dominio
1155 3807 1368 3886 Antichristi

136 3903 385 3982 *detentarum
411 3906 495 3984 dein
520 3931 550 3988 a.
577 3934 611 3984 v.
634 3931 689 4000 14.
708 3907 815 4004 usque
832 3907 876 3982 ad
891 3905 953 3980 fia.
969 3905 1055 4000 Cap.
1067 3906 1203 3981 LVlll.
1221 3921 1258 3977 et
1271 3905 1368 3984 LIX.

134 3999 194 4082 ‘nl
211 4008 256 4075 u'e
280 4001 324 4076 ad
348 4027 385 4081 v.
411 4022 469 4100 15.
492 4004 676 4084 horrenda.
689 4003 873 4098 corruptio
897 4019 936 4079 et
960 3993 1121 4081 contnuo
1135 3997 1368 4081 Ecclefiaruni

127 4140 160 4153 ··
180 4138 198 4194 κ,
228 4121 293 4176 ιιι,
314 4096 379 4176 Vi.
693 4099 807 4177 Rrrr
1174 4091 1371 4176 Protelltii·
