2976 4830
145 536 150 543 “
237 571 313 660 nt
624 559 774 659 rasitata
790 557 922 662 ncta
946 554 1070 658 ranst.
1430 526 1433 532 ’

236 747 318 819 dam
347 739 394 816 de
417 736 610 815 surdiorum
642 738 765 831 statu,
790 762 869 815 cum
898 760 981 815 ante
1012 737 1355 828 Resonnationcm,
1392 752 1454 809 tan

238 837 320 938 post
345 862 436 914 eam.
485 836 596 911 lnitio
626 832 730 910 seculi
761 859 815 910 res
847 839 914 912 hac
944 855 1046 935 parte
1080 835 1122 911 in
1152 838 1308 928 eodem,
1350 836 1451 912 finon

238 935 440 1026 deteriore,
464 931 554 1009 statu
575 929 736 1019 suemnt,
760 955 829 1030 quo
847 937 961 1007 antea.
1011 932 1124 1006 Licet
1141 932 1276 1023 studia,
1301 957 1386 1032 quae
1400 951 1450 1000 ro·

238 1050 365 1107 eantur
390 1029 613 1116 humaniora,
638 1027 750 1126 magis
774 1027 949 1126 magisque
970 1027 1104 1101 suerint
1132 1028 1289 1104 adofilir
1311 1033 1445 1113 exculta,

237 1150 352 1203 norae
365 1129 475 1201 etium
493 1125 632 1199 erectae
647 1125 876 1215 Academiae,
907 1145 974 1198 nec
989 1123 1152 1220 insignes
1167 1126 1348 1202 defuerint
1363 1128 1443 1200 Mac·

237 1244 405 1311 cenaret,
430 1222 627 1319 ignorantia
645 1240 782 1309 tamen,
809 1241 844 1296 er
860 1223 1053 1310 barbaries,
1072 1242 1150 1296 non
1170 1218 1244 1296 suit
1262 1219 1449 1322 depulsa,ir

238 1316 656 1507 amttam
686 1316 1448 1494 ‘tristia„mutantia

236 1534 353 1589 rarum
374 1529 411 1583 et
436 1510 663 1584 litteratorum
688 1511 851 1604 praeclari
887 1507 1061 1600 lautorer,
1103 1530 1174 1607 per
1207 1443 1331 1604 omni}
1350 1516 1441 1590 ntro·

281 1630 302 1681 e
335 1603 518 1703 regiones:
560 1606 612 1681 uri
641 1607 716 1679 Leo
740 1605 786 1680 X.
817 1608 905 1699 Papa
930 1607 1091 1694 Romae,
1135 1608 1235 1706 apud
1262 1610 1372 1686 Gallot
1390 1632 1444 1685 rer

264 1703 453 1793 nnciscur,
476 1702 522 1776 de
551 1725 622 1800 quo
653 1704 818 1798 legendus
846 1700 898 1775 est
931 1701 1120 1775 Sleidanur
1154 1727 1188 1780 a.
1218 1728 1346 1802 1542,
1366 1708 1442 1799 apud

234 1797 414 1897 Hispanos
436 1797 626 1875 Cardinalir
641 1797 841 1886 Ximenior,
865 1797 956 1893 apud
974 1797 1112 1966 Anglor
1129 1798 1316 1877 Henricua
1333 1806 1442 1893 Vlll.,

234 1896 328 1997 apud
362 1897 478 1992 Belgas
508 1894 653 1970 Carolus
676 1894 747 1983 V.,
787 1893 823 1966 in
853 1893 1006 1968 Saxonia
1056 1895 1261 1972 ‘redericur
1295 1899 1441 1990 Elcstor,

232 1996 295 2167 ,ui
319 1993 593 2087 Wittenbergae
619 1989 731 2065 erexit
753 1988 977 2064 Academiam
1001 2010 1033 2062 a.
1063 2010 1199 2083 1502„
1228 1993 1380 2096 denique
1396 1996 1440 2070 in.

249 2119 258 2166 l

261 2088 341 2189 gnis
368 2088 426 2164 ille
450 2085 682 2162 litteratorum
707 2104 768 2183 per
792 2104 902 2158 totam
928 2086 1157 2161 Germaniam
1184 2109 1355 2186 patronur
1373 2096 1438 2190 Jua·

232 2188 368 2264 citimus
389 2188 438 2272 l.,
462 2181 755 2279 Brandeburgicur
779 2180 939 2270 Eledlor,
964 2181 1023 2276 qui
1052 2183 1080 2254 F
1083 2186 1285 2260 rancofurti
1309 2191 1348 2262 ad
1365 2190 1435 2265 Vir·

231 2287 333 2358 drum
370 2279 529 2356 condidit
562 2278 789 2354 Academiam
828 2300 858 2352 a.
897 2284 1003 2368 1506.
1064 2279 1289 2357 Floruerunt
1319 2307 1436 2383 quoquc

233 2379 301 2452 riri
331 2376 458 2450 erudiri
490 2376 527 2448 in
562 2376 658 2448 omni
694 2372 908 2447 scientiarum
940 2393 1092 2470 genere,
1124 2397 1267 2473 magno
1288 2403 1433 2469 numero,

229 2493 268 2548 ut
294 2495 340 2548 ra
365 2471 542 2568 superiore
568 2470 730 2566 catalogo
753 2488 871 2564 patet,
897 2467 1002 2543 etiam
1028 2469 1234 2547 litterarum
1263 2498 1307 2550 ac
1325 2476 1431 2552 lindie·

227 2591 306 2645 rum
328 2566 494 2654 statores,
520 2581 558 2637 et
576 2582 842 2660 propagatores,
868 2583 907 2638 ut
928 2564 1020 2662 apud
1039 2565 1249 2644 Germanos
1272 2572 1427 2662 Erasmur,

229 2684 268 2744 ct
291 2665 529 2749 Reutblinur,
555 2658 651 2735 inter
677 2660 791 2733 Gallos
814 2659 987 2748 Budaeus,
1010 2660 1100 2755 apud
1125 2663 1315 2760 Hispanos
1336 2672 1427 2745 Anto

225 2762 303 2840 niue
325 2755 579 2848 Nebrislensrr,
604 2754 682 2832 alii:
709 2756 753 2830 de
778 2757 901 2853 quibua
926 2756 1032 2850 supra.
1082 2757 1284 2853 Attamen,
1311 2766 1429 2841 hiim

224 2857 461 2948 obllantibur,
501 2850 725 2930 continuavit
753 2851 849 2926 inter
881 2851 1106 2948 Theologos,
1152 2859 1426 2949 concionatores,

222 2974 261 3031 et
284 2955 493 3044 monachor,
524 2947 732 3061 deploranda
762 2946 976 3045 ignorantia,
1000 2947 1202 3042 barbaries,
1228 2959 1425 3046 errarint,

223 3050 308 3149 qui,
332 3051 479 3140 litteris,
501 3046 711 3145 utilibusque
734 3041 871 3134 studiis,
899 3042 1088 3139 neglectis,
1116 3047 1194 3138 ipsa
1210 3051 1424 3151 Scripturas.

222 3145 342 3249 passim
369 3143 501 3243 spreta,
527 3142 596 3217 toti
621 3143 854 3220 incubuerunt
881 3143 979 3213 vania
1008 3139 1301 3238 quaestionibus,
1325 3151 1425 3224 defini·

223 3241 401 3331 tionibut,
424 3237 724 3329 distinctionibus,
749 3233 955 3345 syllogismis
977 3254 1013 3309 et
1042 3234 1180 3313 litibus.
1238 3243 1320 3414 (ἐξ
1341 3248 1423 3321 dere
1468 3310 1472 3321 ,

221 3337 298 3414 vid.
321 3336 482 3414 Erasmus
504 3336 539 3411 in
562 3334 757 3424 mtriolua,
778 3353 816 3406 et
889 3329 938 3404 ist.
962 3332 1004 3405 ad
1023 3331 1226 3410 Martinam
1312 3342 1420 3440 rpiurr,

220 3432 534 3534 holan-mastya
567 3432 627 3531 qui
651 3432 754 3506 etiarn
781 3355 1086 3541 apuYHollandoa
1118 3432 1360 3524 perstrenunm
1382 3439 1422 3512 sa·

220 3528 505 3613 ineundorum
534 3545 756 3605 contemtum
789 3522 1182 3619 testatureptst.L1x.
1210 3530 1256 3604 ad
1283 3557 1360 3627 eor,
1390 3554 1419 3610 et

218 3632 260 3711 in
290 3627 386 3703 notis
415 3629 460 3703 ad
489 3628 590 3703 Nor.
617 3623 713 3700 ‘fert
737 3621 861 3697 nullam
883 3640 922 3691 ea
943 3620 989 3693 de
1012 3643 1052 3693 re
1075 3632 1324 3722 conquerendi
1345 3628 1414 3704 oui·

216 3727 264 3807 fit
286 3724 518 3803 occatorem.
567 3719 722 3798 Addatur
743 3713 1084 3826 Ludovicurvivet
1107 3721 1154 3792 de
1182 3733 1341 3823 corruptis
1358 3718 1408 3819 list

216 3824 371 3919 cipit‘rr'r,
404 3820 621 3900 Reucltlinur
643 3814 681 3892 in
706 3815 850 3914 praefat.
879 3812 957 3886 libri
986 3811 1033 3885 de
1058 3824 1280 3910 accentibus,
1310 3825 1410 3898 Geru-

214 3922 281 3997 dur
311 3918 468 3998 Llstoiur
491 3920 527 3995 in
551 3934 625 3992 not.
647 3913 688 3988 ad
722 3914 847 3987 librum
871 3906 1004 3982 Erasini
1035 3909 1084 3982 de
1105 3918 1234 4009 moria,
1261 3915 1422 4015 numae·-

210 4036 273 4119 μ
292 4016 339 4101 de
361 4015 621 4126 Episcopum
641 4005 844 4113 nstitutum
871 4001 1109 4113 nsunllirnr,
1136 4008 1415 4119 demqteexret

92 4148 338 4499 Α
