3022 4806
127 572 174 661 98
518 551 665 652 sfillorr’a
689 551 815 654 Eccles.
842 551 957 656 cletsl.

133 741 330 840 generaliter
352 735 516 825 traditur,
540 752 575 808 ar
600 736 638 810 de
662 738 746 809 orrrrrl
770 739 903 814 crr'rrtr'rre
932 736 1075 813 Clericus
1097 736 1218 812 debeor
1243 758 1350 814 corma

133 835 360 932 -Eerlrstajlt'cs
381 835 492 928 judice
519 837 692 907 corrueriri.

193 935 225 1033 s.
250 930 456 1004 LXXXIV.
482 928 664 1005 Successor
686 929 761 1025 ejus
791 933 947 1005 Urbanus
971 931 1057 1020 111„
1090 949 1196 1005 antea
1221 928 1350 1003 Archi·

140 1034 329 1129 epsicopus
356 1025 649 1115 Mediolanensts,
676 1027 733 1121 qui
758 1033 800 1100 ab
826 1052 858 1100 a.
887 1031 1186 1119 1185.ad1187.
1213 1047 1351 1099 tantum

136 1129 255 1213 sedtt,
297 1122 369 1196 acri
401 1121 514 1193 rursus
546 1121 813 1197 concertatione
863 1124 1040 1196 exercitus
1077 1122 1128 1194 est
1169 1145 1252 1194 cum
1296 1123 1351 1194 lu·

136 1242 297 1339 peratore
322 1217 529 1304 mederico,
564 1221 662 1311 cujus
684 1218 908 1293 fundamenta
926 1218 998 1313 jam
1028 1238 1126 1292 erant
1150 1217 1210 1290 sub
1235 1218 1351 1291 Lucio

134 1321 240 1420 jada.
291 1313 482 1385 Accusatus
505 1311 574 1385 suit
599 1316 806 1410 inperator,
838 1321 931 1411 quod
956 1315 1205 1410 patrimonium
1233 1312 1351 1385 Comi·

141 1417 240 1493 cissae
273 1407 459 1483 Mathildis
501 1407 626 1503 injuste
674 1409 881 1499 detineret,
924 1411 1055 1484 reditus
1092 1409 1351 1505 Episcoporuto

141 1528 361 1586 mortuorum
390 1503 428 1575 in
462 1501 596 1578 Fiscum
632 1504 825 1602 redigeret,
862 1504 1119 1579 Abbatiffarum
1154 1524 1352 1600 proventus

140 1606 201 1682 fibi
228 1599 434 1675 vindicaret.
481 1600 683 1689 Praeterea,
708 1622 789 1677 curu
816 1600 1036 1690 Henricum‚
1061 1599 1173 1674 filium
1191 1600 1352 1674 Frederi·

140 1705 195 1792 ci,
221 1703 462 1794 inperatorem
488 1715 658 1771 coronare
685 1696 877 1784 recusaret,
902 1695 989 1770 vivo
1007 1696 1120 1769 adhuc
1136 1695 1259 1784 Patre,
1284 1714 1352 1789 nec

139 1803 175 1875 se
198 1799 402 1880 abdicante,
426 1790 604 1866 Henricus
628 1813 755 1864 veroa
779 1790 978 1866 Patriarcba
1002 1787 1248 1888 Aquilejense,
1281 1788 1352 1865 fine

140 1890 306 1969 consensu
328 1889 460 1979 Papae,
496 1883 731 1980 praesentibus
756 1901 792 1959 et
817 1885 1114 1961 consentientibus
1145 1888 1221 1960 aliis
1253 1885 1352 1982 Epis·

140 1992 260 2087 copis,
295 2001 482 2057 coronatus
503 1977 608 2070 effet,
640 1984 731 2079 Papa
755 2003 876 2055 omnes
898 2006 959 2054 eos
984 1983 1027 2054 ab
1060 1981 1182 2056 officio
1214 1982 1352 2077 suspen·

106 2099 108 2102 ’
141 2089 207 2161 dit.
257 2077 366 2155 Auxit
389 2077 495 2150 etiam
524 2078 694 2151 diffidium
724 2077 868 2152 schisma
894 2077 1067 2150 Ecclesiae
1105 2075 1353 2171 Trevirenfis,

140 2181 232 2281 quod
266 2179 325 2251 sub
361 2172 476 2247 Lucio
510 2172 668 2272 incepit,
701 2192 738 2246 et
769 2172 810 2245 ad
841 2174 1059 2246 Clementem
1092 2174 1161 2248 111.·
1192 2174 1353 2267 duravit,

143 2276 328 2352 occastone
353 2268 538 2344 electionis
567 2273 714 2343 Folmrri
739 2288 777 2341 et
801 2269 983 2363 Rudolplti
1007 2268 1264 2364 Episcoporom
1281 2272 1353 2344 Ec·

142 2370 264 2448 elestae
305 2362 544 2471 Trevirensts,
585 2386 731 2459 quorum
764 2363 861 2436 illum
891 2367 1003 2459 Papa,
1030 2368 1124 2438 itttuc
1148 2365 1353 2457 Henricus,

141 2469 314 2545 tuebatur.
354 2460 482 2530 Luctus
508 2456 593 2530 nrbil
619 2459 844 2546 definiverat,
878 2457 935 2532 sed
964 2461 1121 2535 Urbanus
1154 2461 1353 2538 folmarum

141 2555 369 2657 adprobavit,
394 2571 432 2625 et
458 2553 697 2642 consecravit,
721 2555 838 2629 invito
862 2555 1024 2629 Henrico
1050 2578 1129 2628 cum
1152 2557 1254 2628 Patre
1271 2559 1354 2630 Fre·

143 2657 290 2741 derico,
349 2649 525 2721 Folmsrus
569 2671 708 2747 quoque
756 2649 976 2723 consecratus
1030 2652 1354 2730 excommunicavit

142 2748 385 2846 Rudolphum.
438 2744 554 2844 Quare
588 2746 787 2834 Henricus,
816 2746 905 2840 jussu
937 2744 1065 2835 Patris,
1093 2746 1247 2819 fautores
1272 2749 1354 2823 Fol.

143 2850 233 2929 mari
261 2840 429 2929 vexavit,
463 2840 647 2937 spoliavit,
673 2859 709 2914 et
746 2842 868 2915 domus
900 2861 1019 2914 eorum
1050 2843 1262 2934 publicavit:
1294 2842 1354 2921 sed

143 2968 181 3023 et
203 2944 266 3019 alia
290 2944 327 3016 in
353 2940 600 3013 contumeliam
634 2941 746 3032 Papae
776 2938 950 3035 patravit3
984 2937 1103 3034 utique
1137 2937 1265 3031 Episco
1294 2965 1354 3016 um

142 3044 314 3138 aliquem,
339 3033 398 3131 qui
424 3055 444 3105 a
468 3037 558 3130 Papa
586 3034 782 3130 susceperat
805 3032 1065 3122 investituram,
1095 3031 1233 3128 seseque
1297 3035 1354 3134 egi

143 3137 234 3216 nihii
259 3133 388 3208 debere
419 3132 672 3220 contendebat,
705 3128 830 3225 pugnis
858 3128 951 3227 juffit
984 3129 1106 3222 caedi,
1143 3149 1179 3202 et
1209 3129 1248 3204 in
1278 3133 1355 3208 luto

143 3238 334 3335 platearum
369 3227 596 3317 conculcari;
632 3225 824 3299 interclusrt
853 3246 959 3320 porro
989 3248 1111 3299 omnes
1142 3223 1185 3299 ad
1225 3228 1271 3300 Pa

144 3329 281 3416 aditus,
316 3322 403 3399 adeo
429 3339 467 3393 ut
496 3344 602 3397 nemo
637 3322 752 3394 sedem
786 3319 1022 3415 Apostolicam
1053 3319 1208 3414 potuerit
1242 3328 1355 3404 aire.

144 3423 240 3503 -Vid.
273 3418 573 3529 Chronographus
614 3415 912 3514 Aquicindlinus,
954 3435 991 3489 et
1031 3419 1144 3490 Autor
1179 3417 1355 3497 chronici

144 3518 281 3618 Belgici
313 3536 442 3609 magns.
494 3513 628 3611 Quibus
660 3517 821 3589 omnibus
853 3512 1003 3588 irritatus
1032 3513 1123 3608 Papa
1155 3514 1355 3593 Henticum

145 3611 305 3694 decrevit
330 3612 657 3695 excommunicare,
692 3612 746 3683 sed
772 3630 887 3684 morte
912 3608 1132 3704 praepeditus
1170 3607 1222 3682 est
1256 3610 1356 3688 exse·

145 3713 219 3810 qui.
270 3708 355 3784 Vid.
390 3707 565 3781 Arnoidus
598 3708 730 3780 Lubec.
766 3711 895 3780 Clrrott.
931 3707 1017 3780 Slav.
1061 3709 1083 3780 i.
1126 3707 1191 3781 111.
1225 3731 1257 3781 c¹
1297 3717 1355 3790 18.

144 3808 309 3904 Denique
343 3804 477 3886 Dunos,
511 3804 604 3896 quod
638 3801 871 3875 sacerdotibus
911 3803 1157 3895 permitterent
1190 3803 1356 3901 conjugi·

144 3932 231 3997 um,
261 3896 571 3973 excommunicasse
604 3898 742 3985 fertur,
785 3915 821 3969 ut
856 3896 1096 3972 Genebrardus
1124 3899 1173 3972 'ex
1213 3901 1356 3995 Saxone

141 3995 385 4086 Grammatico
409 3991 525 4072 tradit.
573 3996 740 4071 Mortuus
765 3991 836 4088 est,
872 4015 911 4070 ut
932 4014 1109 4086 auratus,
1143 4019 1188 4072 ex
1211 3996 1356 4084 dolore,
