3022 4806
554 564 557 569 ’
653 543 762 622 Secas.
790 466 891 619 XVI:
1315 551 1390 649 dap

151 716 323 796 Tradidit
348 715 470 815 itaque
495 717 567 795 sese
599 719 635 793 in
660 720 851 800 scholarem
875 714 1091 815 disciplinam
1114 718 1378 823 Ludimagistro

148 815 327 892 Ardebalo
346 816 563 908 Barcinone,
589 819 734 914 triginta
751 836 947 897 umanum
963 819 1165 912 jamnatua,
1186 843 1254 918 per
1272 822 1376 911 bien·

146 910 269 1002 nium,
292 909 447 1008 indeque
468 915 698 990 Academiam
721 917 831 1013 petiit
855 912 1161 1010 complutensem,
1193 935 1231 992 et
1254 918 1376 1018 phyfi.

146 1029 193 1087 ca
217 1031 263 1082 ex
289 1008 476 1102 Heberto,
520 1011 742 1108 Theologica
775 1037 822 1087 ex
848 1008 1023 1107 Magistro
1047 1011 1293 1090 sententiarum
1316 1016 1375 1094 di.
1409 1012 1414 1023 '

146 1102 252 1180 dicit.
299 1107 388 1202 Cum
412 1127 549 1199 autern,
589 1109 694 1184 sociis
717 1107 877 1198 adscitis,
920 1127 1050 1205 pueros
1080 1106 1291 1204 informate,
1333 1132 1373 1191 et

148 1200 371 1298 quoscunque
394 1204 435 1275 ad
460 1203 599 1299 pietatis
624 1203 770 1280 studium
794 1202 935 1301 publice
958 1202 1128 1314 incitate,
1151 1203 1191 1284 in
1222 1207 1371 1306 pupinia

148 1317 189 1371 et
212 1297 353 1372 circulis
368 1305 618 1389 concionatus,
644 1323 715 1375 non
730 1302 893 1390 cessaret,
918 1300 1047 1376 incidrt
1066 1325 1105 1375 rn
1131 1301 1366 1401 suspicionem

144 1394 431 1485 Lutheranismi‚
467 1418 502 1469 et
528 1397 642 1471 seciae
662 1399 953 1496 illuminatorum,
994 1397 1101 1472 acad
1126 1397 1368 1497 lnquiutionir

142 1491 296 1565 tribunal
318 1509 433 1586 raptus
462 1490 524 1568 est.
576 1494 681 1569 Unde
704 1496 803 1569 brevi
820 1491 901 1592 post
918 1492 1101 1583 liberatus,
1123 1492 1181 1568 sed
1208 1495 1365 1592 vestem,

146 1610 251 1682 quam
275 1608 320 1659 ea
347 1610 462 1682 panno
488 1589 611 1680 laneo,
634 1591 786 1665 nondum
816 1587 952 1680 tinsto,
975 1592 1120 1684 gerebat
1138 1613 1220 1668 cum
1238 1593 1364 1688 sociis,

142 1694 327 1776 deponere
349 1682 512 1775 coaetus,
542 1685 610 1760 sex
644 1687 779 1762 menses
811 1685 911 1785 post,
953 1707 1033 1759 curn
1064 1709 1084 1760 a
1115 1689 1367 1768 concionando

139 1802 219 1856 non
243 1776 451 1868 abstineret,
474 1780 512 1855 iu
534 1781 671 1856 easdem
696 1780 824 1856 iterum
847 1781 972 1856 incidit
995 1803 1136 1871 manua,
1167 1803 1205 1857 et
1229 1786 1366 1866 carceri

143 1878 361 1971 mancipatus
383 1877 452 1951 est:
492 1874 606 1952 denuo
633 1896 749 1953 tamen
773 1877 942 1968 dimissus,
985 1877 1046 1951 sub
1071 1875 1295 1972 conditione,
1321 1899 1363 1962 ut

143 1973 381 2048 concionibus
409 1973 636 2065 valediceret,
670 1993 727 2066 et,
748 1972 952 2050 scholastico
972 1971 1087 2047 sumto
1103 1972 1248 2064 habitu,
1303 1998 1365 2053 ua·

88 2148 90 2153 ,
141 2068 344 2149 driennium
361 2065 482 2143 studiis
499 2071 730 2167 Theologicia
744 2071 965 2168 inpenderet.
1017 2068 1154 2168 Quibus
1169 1999 1360 2169 negleeih,

143 2164 231 2242 inde
257 2188 338 2239 curn
369 2163 474 2239 sociis
502 2167 746 2244 Salmanticatn
779 2165 950 2255 discedit,
990 2184 1027 2238 et
1057 2162 1210 2241 docendi
1232 2190 1364 2246 munuc

138 2257 376 2339 continuavit.
431 2258 553 2362 Quare
578 2261 616 2338 in
648 2260 835 2355 squalidum
857 2257 1036 2358 conjectus
1066 2280 1262 2356 carcerem,
1299 2262 1361 2347 sed

141 2356 247 2433 breui
269 2359 435 2435 liberatus
454 2354 526 2449 est,
555 2381 641 2437 acce
670 2379 704 2436 ta
734 2360 842 2435 etiarn
867 2354 1044 2456 potestate
1071 2355 1223 2434 docendi
1245 2369 1364 2459 popu·

138 2457 237 2544 lum,
262 2453 370 2562 modo
387 2452 613 2551 Theologica
636 2383 699 2533 ghi
724 2478 795 2535 non
812 2455 967 2530 sumeret
990 2451 1150 2532 definire.
1196 2453 1360 2568 Quarum

138 2548 372 2627 molestiarum
395 2547 570 2647 pertaesus
594 2550 770 2637 Lutetiam
796 2551 925 2651 petiit,
950 2568 987 2626 et
1012 2549 1272 2632 Grammatrcae
1297 2577 1359 2632 ru·

139 2647 302 2725 dimenta
323 2643 499 2735 resumfit,
533 2649 577 2723 ab
607 2647 771 2726 instituto
803 2667 926 2725 tamen
952 2643 1168 2745 paupertatis
1198 2665 1237 2721 et
1258 2670 1361 2730 men·

139 2740 299 2825 dicitatia
328 2740 416 2817 nihil
444 2743 650 2838 remittent,
690 2764 824 2822 tantuna
855 2740 1043 2839 privatim,
1084 2762 1158 2816 non
1188 2741 1359 2839 publice,

136 2840 273 2919 ducena
300 2836 482 2934 pietatem.
532 2842 588 2916 Ea
620 2864 691 2940 quo
713 2836 958 3014 Philosophiae
984 2855 1050 2932 per
1081 2851 1151 2911 trea
1182 2858 1300 2951 annor·
1316 2857 1358 2919 et

136 2933 326 3016 dimidium
352 2957 497 3032 operam
518 2935 636 3025 dedit,
667 2954 708 3011 et
738 2932 842 3033 Magi
873 2955 914 3008 er
946 2947 1084 3009 creatur
1115 2928 1190 3024 est,
1231 2927 1359 3015 drdrcie

136 3055 280 3132 quoque
303 3053 336 3200 at
345 3029 589 3201 Donpirpicanir
617 3029 877 3204 AEhp‘plogianm
916 3027 1048 3105 iterum
1076 3025 1121 3104 ad
1150 3024 1363 3127 lnqnifido‘

188 3148 378 3205 maracus
437 3150 457 3201 e
503 3150 589 3202 mox
656 3152 689 3203 na
733 3152 781 3206 ur.

137 3153 217 3326 ne&
241 3179 451 3300 anvilr.
483 3223 577 3320 Jecit
602 3248 690 3299 vero
713 3221 774 3298 hie
793 3219 909 3320 prima
937 3216 1116 3295 societatis
1141 3216 1361 3325 fundamen}¹

139 3341 198 3415 ta,
222 3343 353 3396 novem
378 3317 499 3393 cledis
525 3320 645 3409 sociis,
670 3319 764 3396 inter
786 3340 873 3416 quoa
893 3316 1014 3391 Petrua
1037 3314 1171 3409 Faber,
1194 3317 1358 3427 Francis,⁸

136 3440 201 3496 cua
214 3416 408 3506 xaverius,
436 3415 558 3490 indica
572 3416 729 3492 misiione
747 3412 912 3506 celebria,
936 3430 975 3488 et
989 3407 1151 3510 Aisousua
1172 3411 1359 3517 Sasmeru,

138 3516 322 3603 eminent,
352 3512 558 3606 quibuscum
581 3514 750 3609 concepit
772 3529 898 3603 vonam
914 3529 955 3606 οι,
982 3525 1120 3607 15345„
1138 3507 1362 3623 cuiusdam-3

136 3634 197 3691 ma
220 3608 291 3697 est,
315 3606 419 3684 studii
443 3608 661 3708 Theologici
686 3604 933 3711 continuatio,
955 3618 1164 3703 paupertas,
1186 3607 1363 3726 peregrim

136 3708 239 3787 natio
270 3704 602 3801 Hierosolymitana,
641 3704 837 3782 infidelium
864 3695 1076 3790 converto,
1113 3718 1155 3776 et
1187 3700 1352 3815 martyria

137 3801 350 3885 dfeetrdoz
391 3799 417 3874 sr
445 3820 560 3878 autem
584 3799 824 3900 peregrinatio
854 3770 1366 3908 nonprocedat,01’oatrhc1[

136 3922 248 3998 opera
270 3895 489 3981 addiceretur
505 3900 547 3976 ad
572 3897 699 3977 omnia.
745 3894 885 4008 Quibus
908 3889 1129 4005 coustffsutlsr
1149 3890 1373 4023 wiensi-02¹}

135 3993 285 4083 amn
314 3991 864 4101 meanwarorum
892 3976 1373 4187 neumam

136 4123 177 4190 ί)
705 4084 842 4170 liii'i
