<?xml version="1.0" encoding="UTF-8"?>
<!DOCTYPE html PUBLIC "-//W3C//DTD XHTML 1.0 Transitional//EN"
    "http://www.w3.org/TR/xhtml1/DTD/xhtml1-transitional.dtd">
<html xmlns="http://www.w3.org/1999/xhtml" xml:lang="en" lang="en">
 <head>
  <title>
</title>
<meta http-equiv="Content-Type" content="text/html;charset=utf-8" />
  <meta name='ocr-system' content='tesseract 3.04.00' />
  <meta name='ocr-capabilities' content='ocr_page ocr_carea ocr_par ocr_line ocrx_word'/>
</head>
<body>
  <div class='ocr_page' id='page_1' title='image "./hermannivenemai00venegoog_0085.png"; bbox 0 0 3022 4806; ppageno 0'>
   <div class='ocr_carea' id='block_1_1' title="bbox 130 603 1001 714">
    <p class='ocr_par' dir='ltr' id='par_1_1' title="bbox 130 603 1001 714">
     <span class='ocr_line' id='line_1_1' title="bbox 130 603 1001 714; baseline 0.015 -41"><span class='ocrx_word' id='word_1_1' title='bbox 130 634 179 714; x_wconf 76' lang='lat'>74</span> <span class='ocrx_word' id='word_1_2' title='bbox 517 603 665 706; x_wconf 69' lang='lat' dir='ltr'>Idstort‘a</span> <span class='ocrx_word' id='word_1_3' title='bbox 688 605 815 706; x_wconf 81' lang='lat' dir='ltr'>Eccles.</span> <span class='ocrx_word' id='word_1_4' title='bbox 841 605 1001 707; x_wconf 59' lang='lat' dir='ltr'>clristx</span> 
     </span>
    </p>
   </div>
   <div class='ocr_carea' id='block_1_2' title="bbox 134 782 1353 1375">
    <p class='ocr_par' dir='ltr' id='par_1_2' title="bbox 134 782 1353 1375">
     <span class='ocr_line' id='line_1_2' title="bbox 136 782 1346 886; baseline -0.003 -20"><span class='ocrx_word' id='word_1_5' title='bbox 136 785 257 866; x_wconf 74' lang='lat' dir='ltr'>Postea</span> <span class='ocrx_word' id='word_1_6' title='bbox 300 799 446 875; x_wconf 88' lang='lat' dir='ltr'>tamen,</span> <span class='ocrx_word' id='word_1_7' title='bbox 489 783 643 881; x_wconf 88' lang='lat' dir='ltr'>Jordane</span> <span class='ocrx_word' id='word_1_8' title='bbox 675 783 854 880; x_wconf 88' lang='lat' dir='ltr'>Patricio,</span> <span class='ocrx_word' id='word_1_9' title='bbox 900 808 982 863; x_wconf 90' lang='lat' dir='ltr'>cum</span> <span class='ocrx_word' id='word_1_10' title='bbox 1021 788 1095 886; x_wconf 81' lang='lat' dir='ltr'>ejut</span> <span class='ocrx_word' id='word_1_11' title='bbox 1132 782 1346 879; x_wconf 73' lang='lat' dir='ltr'>notorium,</span> 
     </span>
     <span class='ocr_line' id='line_1_3' title="bbox 136 879 1347 980; baseline -0.003 -20"><span class='ocrx_word' id='word_1_12' title='bbox 136 885 359 960; x_wconf 88' lang='lat' dir='ltr'>anathemate</span> <span class='ocrx_word' id='word_1_13' title='bbox 379 879 480 970; x_wconf 68' lang='lat' dir='ltr'>isto,</span> <span class='ocrx_word' id='word_1_14' title='bbox 514 880 571 953; x_wconf 88' lang='lat' dir='ltr'>sed</span> <span class='ocrx_word' id='word_1_15' title='bbox 596 901 634 955; x_wconf 92' lang='lat' dir='ltr'>et</span> <span class='ocrx_word' id='word_1_16' title='bbox 661 881 895 958; x_wconf 89' lang='lat' dir='ltr'>Tiburtinaea</span> <span class='ocrx_word' id='word_1_17' title='bbox 926 881 1051 959; x_wconf 91' lang='lat' dir='ltr'>militia</span> <span class='ocrx_word' id='word_1_18' title='bbox 1082 884 1249 980; x_wconf 73' lang='lat' dir='ltr'>adjutus,</span> <span class='ocrx_word' id='word_1_19' title='bbox 1293 907 1347 957; x_wconf 91' lang='lat' dir='ltr'>re·</span> 
     </span>
     <span class='ocr_line' id='line_1_4' title="bbox 134 976 1349 1074; baseline -0.004 -16"><span class='ocrx_word' id='word_1_20' title='bbox 134 982 239 1059; x_wconf 82' lang='lat' dir='ltr'>belles</span> <span class='ocrx_word' id='word_1_21' title='bbox 265 976 442 1065; x_wconf 82' lang='lat' dir='ltr'>coercuit,</span> <span class='ocrx_word' id='word_1_22' title='bbox 468 994 503 1047; x_wconf 90' lang='lat' dir='ltr'>et</span> <span class='ocrx_word' id='word_1_23' title='bbox 525 978 567 1049; x_wconf 90' lang='lat' dir='ltr'>ad</span> <span class='ocrx_word' id='word_1_24' title='bbox 589 976 631 1050; x_wconf 89' lang='lat' dir='ltr'>ad</span> <span class='ocrx_word' id='word_1_25' title='bbox 658 999 780 1071; x_wconf 82' lang='lat' dir='ltr'><strong>pacem</strong></span> <span class='ocrx_word' id='word_1_26' title='bbox 804 980 997 1074; x_wconf 86' lang='lat' dir='ltr'>compulit,</span> <span class='ocrx_word' id='word_1_27' title='bbox 1023 982 1091 1055; x_wconf 87' lang='lat' dir='ltr'>hac</span> <span class='ocrx_word' id='word_1_28' title='bbox 1114 977 1349 1070; x_wconf 88' lang='lat' dir='ltr'>conditione,</span> 
     </span>
     <span class='ocr_line' id='line_1_5' title="bbox 137 1068 1352 1171; baseline -0.001 -21"><span class='ocrx_word' id='word_1_29' title='bbox 137 1098 199 1166; x_wconf 91' lang='lat' dir='ltr'>ut,</span> <span class='ocrx_word' id='word_1_30' title='bbox 231 1071 421 1147; x_wconf 85' lang='lat' dir='ltr'>Patricintu</span> <span class='ocrx_word' id='word_1_31' title='bbox 445 1070 596 1162; x_wconf 91' lang='lat' dir='ltr'>abolito,</span> <span class='ocrx_word' id='word_1_32' title='bbox 627 1068 860 1151; x_wconf 75' lang='lat' dir='ltr'>Praesedtusa</span> <span class='ocrx_word' id='word_1_33' title='bbox 884 1079 974 1170; x_wconf 89' lang='lat' dir='ltr'>Papa</span> <span class='ocrx_word' id='word_1_34' title='bbox 991 1075 1219 1163; x_wconf 71' lang='lat' dir='ltr'>constitutur,</span> <span class='ocrx_word' id='word_1_35' title='bbox 1243 1097 1352 1171; x_wconf 89' lang='lat' dir='ltr'>quem</span> 
     </span>
     <span class='ocr_line' id='line_1_6' title="bbox 134 1167 1353 1269; baseline -0.002 -23"><span class='ocrx_word' id='word_1_36' title='bbox 134 1171 360 1269; x_wconf 75' lang='lat' dir='ltr'><strong>expulerant,</strong></span> <span class='ocrx_word' id='word_1_37' title='bbox 394 1167 629 1262; x_wconf 83' lang='lat' dir='ltr'>reciperetur,</span> <span class='ocrx_word' id='word_1_38' title='bbox 662 1171 847 1244; x_wconf 74' lang='lat' dir='ltr'>Senatores</span> <span class='ocrx_word' id='word_1_39' title='bbox 871 1172 979 1244; x_wconf 82' lang='lat' dir='ltr'>etiam</span> <span class='ocrx_word' id='word_1_40' title='bbox 1011 1170 1122 1245; x_wconf 82' lang='lat' dir='ltr'>essent</span> <span class='ocrx_word' id='word_1_41' title='bbox 1154 1191 1211 1242; x_wconf 44' lang='lat' dir='ltr'>enw</span> <span class='ocrx_word' id='word_1_42' title='bbox 1234 1172 1353 1267; x_wconf 84' lang='lat' dir='ltr'>Papae</span> 
     </span>
     <span class='ocr_line' id='line_1_7' title="bbox 136 1263 1352 1375; baseline -0.003 -31"><span class='ocrx_word' id='word_1_43' title='bbox 136 1266 349 1351; x_wconf 79' lang='lat' dir='ltr'>autoritate,</span> <span class='ocrx_word' id='word_1_44' title='bbox 376 1263 502 1336; x_wconf 91' lang='lat' dir='ltr'>eodem</span> <span class='ocrx_word' id='word_1_45' title='bbox 527 1282 649 1337; x_wconf 88' lang='lat' dir='ltr'>autore</span> <span class='ocrx_word' id='word_1_46' title='bbox 673 1263 773 1352; x_wconf 75' lang='lat' dir='ltr'>teste,</span> <span class='ocrx_word' id='word_1_47' title='bbox 823 1266 999 1375; x_wconf 66' lang='lat' dir='ltr'>Reversuc</span> <span class='ocrx_word' id='word_1_48' title='bbox 1022 1267 1162 1364; x_wconf 89' lang='lat' dir='ltr'>quidem</span> <span class='ocrx_word' id='word_1_49' title='bbox 1191 1283 1275 1338; x_wconf 92' lang='lat' dir='ltr'>tunc</span> <span class='ocrx_word' id='word_1_50' title='bbox 1298 1264 1352 1340; x_wconf 88' lang='lat' dir='ltr'>est</span> 
     </span>
    </p>
   </div>
   <div class='ocr_carea' id='block_1_3' title="bbox 121 1357 1381 4239">
    <p class='ocr_par' dir='ltr' id='par_1_3' title="bbox 132 1357 1354 2108">
     <span class='ocr_line' id='line_1_8' title="bbox 135 1357 1352 1452; baseline -0.002 -13"><span class='ocrx_word' id='word_1_51' title='bbox 135 1367 308 1447; x_wconf 87' lang='lat' dir='ltr'>Romam,</span> <span class='ocrx_word' id='word_1_52' title='bbox 341 1376 377 1430; x_wconf 88' lang='lat' dir='ltr'>et</span> <span class='ocrx_word' id='word_1_53' title='bbox 408 1359 521 1434; x_wconf 90' lang='lat' dir='ltr'>natale</span> <span class='ocrx_word' id='word_1_54' title='bbox 553 1357 702 1434; x_wconf 84' lang='lat' dir='ltr'><strong>Domini</strong></span> <span class='ocrx_word' id='word_1_55' title='bbox 734 1360 786 1434; x_wconf 91' lang='lat' dir='ltr'>ibi</span> <span class='ocrx_word' id='word_1_56' title='bbox 821 1364 1033 1452; x_wconf 78' lang='lat' dir='ltr'>celebravit,</span> <span class='ocrx_word' id='word_1_57' title='bbox 1076 1362 1352 1452; x_wconf 82' lang='lat' dir='ltr'>a.1145.‚sed</span> 
     </span>
     <span class='ocr_line' id='line_1_9' title="bbox 134 1454 1351 1550; baseline -0.002 -18"><span class='ocrx_word' id='word_1_58' title='bbox 134 1481 230 1549; x_wconf 71' lang='lat' dir='ltr'>anno</span> <span class='ocrx_word' id='word_1_59' title='bbox 253 1455 438 1550; x_wconf 88' lang='lat' dir='ltr'>sequente,</span> <span class='ocrx_word' id='word_1_60' title='bbox 464 1455 657 1528; x_wconf 84' lang='lat' dir='ltr'>rebellione</span> <span class='ocrx_word' id='word_1_61' title='bbox 679 1475 866 1547; x_wconf 89' lang='lat' dir='ltr'>renovata,</span> <span class='ocrx_word' id='word_1_62' title='bbox 898 1457 1010 1531; x_wconf 80' lang='lat' dir='ltr'>rursut</span> <span class='ocrx_word' id='word_1_63' title='bbox 1031 1454 1173 1531; x_wconf 71' lang='lat' dir='ltr'>coaetus</span> <span class='ocrx_word' id='word_1_64' title='bbox 1198 1456 1351 1541; x_wconf 87' lang='lat' dir='ltr'>cedere.</span> 
     </span>
     <span class='ocr_line' id='line_1_10' title="bbox 134 1547 1353 1649; baseline -0.002 -20"><span class='ocrx_word' id='word_1_65' title='bbox 134 1557 257 1630; x_wconf 90' lang='lat' dir='ltr'>urbem</span> <span class='ocrx_word' id='word_1_66' title='bbox 289 1571 362 1623; x_wconf 89' lang='lat' dir='ltr'>non</span> <span class='ocrx_word' id='word_1_67' title='bbox 398 1547 462 1622; x_wconf 90' lang='lat' dir='ltr'>nisr</span> <span class='ocrx_word' id='word_1_68' title='bbox 495 1574 525 1627; x_wconf 89' lang='lat' dir='ltr'>a.</span> <span class='ocrx_word' id='word_1_69' title='bbox 563 1572 668 1641; x_wconf 87' lang='lat'>1149.</span> <span class='ocrx_word' id='word_1_70' title='bbox 703 1551 764 1626; x_wconf 90' lang='lat' dir='ltr'>fin.</span> <span class='ocrx_word' id='word_1_71' title='bbox 797 1574 835 1624; x_wconf 91' lang='lat' dir='ltr'>re</span> <span class='ocrx_word' id='word_1_72' title='bbox 861 1552 961 1641; x_wconf 89' lang='lat' dir='ltr'>etiit,</span> <span class='ocrx_word' id='word_1_73' title='bbox 995 1574 1075 1626; x_wconf 86' lang='lat' dir='ltr'>cunr</span> <span class='ocrx_word' id='word_1_74' title='bbox 1110 1553 1254 1626; x_wconf 81' lang='lat' dir='ltr'>rebelles</span> <span class='ocrx_word' id='word_1_75' title='bbox 1288 1573 1353 1649; x_wconf 88' lang='lat' dir='ltr'>per</span> 
     </span>
     <span class='ocr_line' id='line_1_11' title="bbox 133 1577 1353 1744; baseline -0.004 -18"><span class='ocrx_word' id='word_1_76' title='bbox 133 1645 352 1744; x_wconf 86' lang='lat' dir='ltr'>Rogerium‚</span> <span class='ocrx_word' id='word_1_77' title='bbox 378 1644 520 1720; x_wconf 88' lang='lat' dir='ltr'>Siciliae</span> <span class='ocrx_word' id='word_1_78' title='bbox 544 1668 688 1743; x_wconf 89' lang='lat' dir='ltr'>regem,</span> <span class='ocrx_word' id='word_1_79' title='bbox 711 1577 914 1738; x_wconf 57' lang='lat' dir='ltr'>deviciliet,</span> <span class='ocrx_word' id='word_1_80' title='bbox 949 1664 985 1722; x_wconf 93' lang='lat' dir='ltr'>ut</span> <span class='ocrx_word' id='word_1_81' title='bbox 1010 1647 1219 1742; x_wconf 79' lang='lat' dir='ltr'>Anonymue</span> <span class='ocrx_word' id='word_1_82' title='bbox 1246 1647 1353 1722; x_wconf 79' lang='lat' dir='ltr'>cant·</span> 
     </span>
     <span class='ocr_line' id='line_1_12' title="bbox 134 1739 1354 1833; baseline -0.004 -12"><span class='ocrx_word' id='word_1_83' title='bbox 134 1743 251 1822; x_wconf 75' lang='lat' dir='ltr'>nensis</span> <span class='ocrx_word' id='word_1_84' title='bbox 272 1742 402 1816; x_wconf 86' lang='lat' dir='ltr'>scribit.</span> <span class='ocrx_word' id='word_1_85' title='bbox 451 1739 548 1816; x_wconf 88' lang='lat' dir='ltr'>Dein</span> <span class='ocrx_word' id='word_1_86' title='bbox 573 1762 603 1815; x_wconf 90' lang='lat' dir='ltr'>a.</span> <span class='ocrx_word' id='word_1_87' title='bbox 632 1763 738 1833; x_wconf 84' lang='lat'>1150.</span> <span class='ocrx_word' id='word_1_88' title='bbox 771 1743 923 1819; x_wconf 87' lang='lat' dir='ltr'>Romam</span> <span class='ocrx_word' id='word_1_89' title='bbox 958 1743 1085 1817; x_wconf 89' lang='lat' dir='ltr'>iterum</span> <span class='ocrx_word' id='word_1_90' title='bbox 1119 1743 1261 1819; x_wconf 77' lang='lat' dir='ltr'>coasluo</span> <span class='ocrx_word' id='word_1_91' title='bbox 1289 1741 1354 1816; x_wconf 85' lang='lat' dir='ltr'>de·</span> 
     </span>
     <span class='ocr_line' id='line_1_13' title="bbox 133 1835 1353 1937; baseline -0.005 -19"><span class='ocrx_word' id='word_1_92' title='bbox 133 1841 269 1927; x_wconf 87' lang='lat' dir='ltr'>serere,</span> <span class='ocrx_word' id='word_1_93' title='bbox 306 1835 342 1910; x_wconf 90' lang='lat' dir='ltr'>in</span> <span class='ocrx_word' id='word_1_94' title='bbox 376 1857 453 1911; x_wconf 91' lang='lat' dir='ltr'>eam</span> <span class='ocrx_word' id='word_1_95' title='bbox 480 1838 619 1911; x_wconf 90' lang='lat' dir='ltr'>demum</span> <span class='ocrx_word' id='word_1_96' title='bbox 643 1838 751 1915; x_wconf 91' lang='lat' dir='ltr'>rediit</span> <span class='ocrx_word' id='word_1_97' title='bbox 779 1861 809 1914; x_wconf 82' lang='lat' dir='ltr'>a</span> <span class='ocrx_word' id='word_1_98' title='bbox 846 1861 977 1931; x_wconf 59' lang='lat'>1152„</span> <span class='ocrx_word' id='word_1_99' title='bbox 1001 1862 1087 1937; x_wconf 83' lang='lat' dir='ltr'>pace</span> <span class='ocrx_word' id='word_1_100' title='bbox 1112 1862 1191 1913; x_wconf 89' lang='lat' dir='ltr'>curn</span> <span class='ocrx_word' id='word_1_101' title='bbox 1218 1838 1353 1912; x_wconf 85' lang='lat' dir='ltr'>Roma·</span> 
     </span>
     <span class='ocr_line' id='line_1_14' title="bbox 132 1933 1354 2108; baseline -0.002 -97"><span class='ocrx_word' id='word_1_102' title='bbox 132 1935 188 2108; x_wconf 52' lang='lat' dir='ltr'>pis</span> <span class='ocrx_word' id='word_1_103' title='bbox 201 1950 397 2106; x_wconf 44' lang='lat' dir='ltr'>§novam</span> <span class='ocrx_word' id='word_1_104' title='bbox 432 1948 494 2024; x_wconf 93' lang='lat' dir='ltr'>ut,</span> <span class='ocrx_word' id='word_1_105' title='bbox 522 1933 829 2033; x_wconf 88' lang='lat' dir='ltr'>praetereundem</span> <span class='ocrx_word' id='word_1_106' title='bbox 847 1954 1026 2027; x_wconf 86' lang='lat' dir='ltr'>autorem,</span> <span class='ocrx_word' id='word_1_107' title='bbox 1050 1936 1157 2013; x_wconf 87' lang='lat' dir='ltr'>tradit</span> <span class='ocrx_word' id='word_1_108' title='bbox 1171 1936 1354 2010; x_wconf 77' lang='lat' dir='ltr'>Robertut</span> 
     </span>
     <span class='ocr_line' id='line_1_15' title="bbox 157 2046 341 2106; baseline -0.027 0"><span class='ocrx_word' id='word_1_109' title='bbox 157 2056 178 2106; x_wconf 92' lang='lat' dir='ltr'>e</span> <span class='ocrx_word' id='word_1_110' title='bbox 248 2046 341 2102; x_wconf 91' lang='lat' dir='ltr'>onte.</span> 
     </span>
    </p>

    <p class='ocr_par' dir='ltr' id='par_1_4' title="bbox 121 2121 1381 4239">
     <span class='ocr_line' id='line_1_16' title="bbox 182 2121 1354 2227; baseline 0.003 -29"><span class='ocrx_word' id='word_1_111' title='bbox 182 2125 214 2227; x_wconf 77' lang='lat'>§.</span> <span class='ocrx_word' id='word_1_112' title='bbox 240 2125 373 2200; x_wconf 84' lang='lat' dir='ltr'>LXIV.</span> <span class='ocrx_word' id='word_1_113' title='bbox 406 2121 540 2226; x_wconf 84' lang='lat' dir='ltr'>Quibut</span> <span class='ocrx_word' id='word_1_114' title='bbox 563 2121 608 2198; x_wconf 88' lang='lat' dir='ltr'>de</span> <span class='ocrx_word' id='word_1_115' title='bbox 631 2123 866 2199; x_wconf 88' lang='lat' dir='ltr'>contentione</span> <span class='ocrx_word' id='word_1_116' title='bbox 888 2145 967 2198; x_wconf 86' lang='lat' dir='ltr'>cum</span> <span class='ocrx_word' id='word_1_117' title='bbox 991 2123 1162 2200; x_wconf 71' lang='lat' dir='ltr'>Romania</span> <span class='ocrx_word' id='word_1_118' title='bbox 1183 2124 1354 2220; x_wconf 87' lang='lat' dir='ltr'>praeliba·</span> 
     </span>
     <span class='ocr_line' id='line_1_17' title="bbox 132 2219 1352 2320; baseline -0.002 -20"><span class='ocrx_word' id='word_1_119' title='bbox 132 2225 200 2316; x_wconf 84' lang='lat' dir='ltr'>tis,</span> <span class='ocrx_word' id='word_1_120' title='bbox 243 2220 427 2320; x_wconf 89' lang='lat' dir='ltr'>praecipua</span> <span class='ocrx_word' id='word_1_121' title='bbox 459 2221 533 2319; x_wconf 79' lang='lat' dir='ltr'>ejus</span> <span class='ocrx_word' id='word_1_122' title='bbox 557 2219 653 2318; x_wconf 88' lang='lat' dir='ltr'>gesta</span> <span class='ocrx_word' id='word_1_123' title='bbox 684 2242 720 2293; x_wconf 92' lang='lat' dir='ltr'>et</span> <span class='ocrx_word' id='word_1_124' title='bbox 750 2220 826 2295; x_wconf 78' lang='lat' dir='ltr'>aeta</span> <span class='ocrx_word' id='word_1_125' title='bbox 859 2222 977 2315; x_wconf 79' lang='lat' dir='ltr'>paucio</span> <span class='ocrx_word' id='word_1_126' title='bbox 1009 2221 1134 2295; x_wconf 88' lang='lat' dir='ltr'>ordine</span> <span class='ocrx_word' id='word_1_127' title='bbox 1167 2223 1352 2298; x_wconf 86' lang='lat' dir='ltr'>enarrabo.</span> 
     </span>
     <span class='ocr_line' id='line_1_18' title="bbox 138 2314 1352 2412; baseline -0.006 -16"><span class='ocrx_word' id='word_1_128' title='bbox 138 2344 170 2396; x_wconf 74' lang='grc' dir='ltr'>ι.</span> <span class='ocrx_word' id='word_1_129' title='bbox 199 2316 358 2392; x_wconf 90' lang='lat' dir='ltr'>Viterbii</span> <span class='ocrx_word' id='word_1_130' title='bbox 384 2338 534 2388; x_wconf 76' lang='lat' dir='ltr'>moratur</span> <span class='ocrx_word' id='word_1_131' title='bbox 562 2339 593 2388; x_wconf 89' lang='lat' dir='ltr'>a.</span> <span class='ocrx_word' id='word_1_132' title='bbox 621 2338 727 2403; x_wconf 81' lang='lat'>1145.</span> <span class='ocrx_word' id='word_1_133' title='bbox 754 2317 966 2390; x_wconf 81' lang='lat' dir='ltr'>honorificae</span> <span class='ocrx_word' id='word_1_134' title='bbox 986 2314 1137 2412; x_wconf 87' lang='lat' dir='ltr'>suscepit</span> <span class='ocrx_word' id='word_1_135' title='bbox 1153 2314 1352 2410; x_wconf 74' lang='lat' dir='ltr'>legationes</span> 
     </span>
     <span class='ocr_line' id='line_1_19' title="bbox 136 2409 1352 2508; baseline -0.006 -18"><span class='ocrx_word' id='word_1_136' title='bbox 136 2415 348 2492; x_wconf 81' lang='lat' dir='ltr'>Armentrum</span> <span class='ocrx_word' id='word_1_137' title='bbox 371 2431 408 2481; x_wconf 91' lang='lat' dir='ltr'>et</span> <span class='ocrx_word' id='word_1_138' title='bbox 424 2411 595 2502; x_wconf 71' lang='lat' dir='ltr'>Syrorum,</span> <span class='ocrx_word' id='word_1_139' title='bbox 622 2426 660 2481; x_wconf 92' lang='lat' dir='ltr'>ut</span> <span class='ocrx_word' id='word_1_140' title='bbox 677 2409 785 2481; x_wconf 85' lang='lat' dir='ltr'>refert</span> <span class='ocrx_word' id='word_1_141' title='bbox 802 2413 892 2483; x_wconf 93' lang='lat' dir='ltr'>Otto</span> <span class='ocrx_word' id='word_1_142' title='bbox 911 2413 936 2483; x_wconf 85' lang='lat' dir='ltr'>F</span> <span class='ocrx_word' id='word_1_143' title='bbox 939 2410 1150 2508; x_wconf 85' lang='lat' dir='ltr'>risrngensrs,</span> <span class='ocrx_word' id='word_1_144' title='bbox 1175 2410 1233 2508; x_wconf 93' lang='lat' dir='ltr'>qui</span> <span class='ocrx_word' id='word_1_145' title='bbox 1247 2431 1352 2507; x_wconf 86' lang='lat' dir='ltr'>prae·</span> 
     </span>
     <span class='ocr_line' id='line_1_20' title="bbox 133 2501 1348 2602; baseline -0.006 -16"><span class='ocrx_word' id='word_1_146' title='bbox 133 2512 212 2586; x_wconf 85' lang='lat' dir='ltr'>sens</span> <span class='ocrx_word' id='word_1_147' title='bbox 227 2506 350 2584; x_wconf 82' lang='lat' dir='ltr'>adfuit.</span> <span class='ocrx_word' id='word_1_148' title='bbox 385 2501 530 2578; x_wconf 86' lang='lat' dir='ltr'>Armeni</span> <span class='ocrx_word' id='word_1_149' title='bbox 556 2504 795 2578; x_wconf 83' lang='lat' dir='ltr'>omnimodam</span> <span class='ocrx_word' id='word_1_150' title='bbox 813 2505 924 2602; x_wconf 87' lang='lat' dir='ltr'>Papae</span> <span class='ocrx_word' id='word_1_151' title='bbox 940 2510 1140 2581; x_wconf 88' lang='lat' dir='ltr'>obtulerunt</span> <span class='ocrx_word' id='word_1_152' title='bbox 1160 2506 1348 2602; x_wconf 75' lang='lat' dir='ltr'>souJeetio·</span> 
     </span>
     <span class='ocr_line' id='line_1_21' title="bbox 134 2597 1381 2697; baseline 0 -20"><span class='ocrx_word' id='word_1_153' title='bbox 134 2627 238 2691; x_wconf 86' lang='lat' dir='ltr'>nem,</span> <span class='ocrx_word' id='word_1_154' title='bbox 263 2621 415 2697; x_wconf 90' lang='lat' dir='ltr'>eumque</span> <span class='ocrx_word' id='word_1_155' title='bbox 442 2597 688 2672; x_wconf 88' lang='lat' dir='ltr'>dissensronum</span> <span class='ocrx_word' id='word_1_156' title='bbox 712 2601 808 2674; x_wconf 91' lang='lat' dir='ltr'>inter</span> <span class='ocrx_word' id='word_1_157' title='bbox 833 2602 867 2675; x_wconf 91' lang='lat' dir='ltr'>se</span> <span class='ocrx_word' id='word_1_158' title='bbox 894 2621 930 2674; x_wconf 89' lang='lat' dir='ltr'>et</span> <span class='ocrx_word' id='word_1_159' title='bbox 948 2602 1102 2677; x_wconf 87' lang='lat' dir='ltr'>Graecos</span> <span class='ocrx_word' id='word_1_160' title='bbox 1133 2602 1228 2676; x_wconf 89' lang='lat' dir='ltr'>circa</span> <span class='ocrx_word' id='word_1_161' title='bbox 1256 2601 1381 2678; x_wconf 75' lang='lat' dir='ltr'>non·&#39;</span> 
     </span>
     <span class='ocr_line' id='line_1_22' title="bbox 133 2693 1351 2795; baseline -0.005 -17"><span class='ocrx_word' id='word_1_162' title='bbox 133 2700 247 2778; x_wconf 87' lang='lat' dir='ltr'>nullos</span> <span class='ocrx_word' id='word_1_163' title='bbox 269 2695 355 2773; x_wconf 88' lang='lat' dir='ltr'>ritus</span> <span class='ocrx_word' id='word_1_164' title='bbox 388 2694 570 2790; x_wconf 87' lang='lat' dir='ltr'>elegerunt</span> <span class='ocrx_word' id='word_1_165' title='bbox 594 2693 762 2789; x_wconf 82' lang='lat' dir='ltr'>judicem.</span> <span class='ocrx_word' id='word_1_166' title='bbox 811 2698 1011 2786; x_wconf 88' lang='lat' dir='ltr'>Praeterea,</span> <span class='ocrx_word' id='word_1_167' title='bbox 1054 2699 1147 2795; x_wconf 90' lang='lat' dir='ltr'>quod</span> <span class='ocrx_word' id='word_1_168' title='bbox 1181 2696 1263 2772; x_wconf 80' lang='lat' dir='ltr'>satis</span> <span class='ocrx_word' id='word_1_169' title='bbox 1288 2721 1351 2791; x_wconf 89' lang='lat' dir='ltr'>pa·</span> 
     </span>
     <span class='ocr_line' id='line_1_23' title="bbox 130 2789 1352 2891; baseline -0.003 -18"><span class='ocrx_word' id='word_1_170' title='bbox 130 2797 306 2873; x_wconf 81' lang='lat' dir='ltr'>tadoxum</span> <span class='ocrx_word' id='word_1_171' title='bbox 340 2789 411 2880; x_wconf 87' lang='lat' dir='ltr'>est,</span> <span class='ocrx_word' id='word_1_172' title='bbox 452 2813 531 2863; x_wconf 90' lang='lat' dir='ltr'>cum</span> <span class='ocrx_word' id='word_1_173' title='bbox 564 2791 599 2864; x_wconf 89' lang='lat' dir='ltr'>in</span> <span class='ocrx_word' id='word_1_174' title='bbox 631 2792 796 2867; x_wconf 79' lang='lat' dir='ltr'>confiniis</span> <span class='ocrx_word' id='word_1_175' title='bbox 835 2793 1022 2866; x_wconf 86' lang='lat' dir='ltr'>Armeniae</span> <span class='ocrx_word' id='word_1_176' title='bbox 1052 2794 1218 2891; x_wconf 87' lang='lat' dir='ltr'>quaedam</span> <span class='ocrx_word' id='word_1_177' title='bbox 1240 2791 1352 2870; x_wconf 78' lang='lat' dir='ltr'>errent</span> 
     </span>
     <span class='ocr_line' id='line_1_24' title="bbox 132 2884 1349 2992; baseline -0.006 -24"><span class='ocrx_word' id='word_1_178' title='bbox 132 2912 280 2992; x_wconf 79' lang='lat' dir='ltr'>genter,</span> <span class='ocrx_word' id='word_1_179' title='bbox 306 2911 393 2985; x_wconf 91' lang='lat' dir='ltr'>quae</span> <span class='ocrx_word' id='word_1_180' title='bbox 408 2884 575 2980; x_wconf 83' lang='lat' dir='ltr'>foetentes</span> <span class='ocrx_word' id='word_1_181' title='bbox 599 2886 712 2962; x_wconf 89' lang='lat' dir='ltr'>soetus</span> <span class='ocrx_word' id='word_1_182' title='bbox 739 2908 963 2984; x_wconf 86' lang='lat' dir='ltr'>generarent,</span> <span class='ocrx_word' id='word_1_183' title='bbox 990 2887 1068 2986; x_wconf 91' lang='lat' dir='ltr'>qui,</span> <span class='ocrx_word' id='word_1_184' title='bbox 1093 2889 1135 2962; x_wconf 83' lang='lat' dir='ltr'>ad</span> <span class='ocrx_word' id='word_1_185' title='bbox 1159 2911 1263 2986; x_wconf 84' lang='lat' dir='ltr'>aquas</span> <span class='ocrx_word' id='word_1_186' title='bbox 1279 2890 1349 2963; x_wconf 85' lang='lat' dir='ltr'>Ar·</span> 
     </span>
     <span class='ocr_line' id='line_1_25' title="bbox 134 2980 1350 3086; baseline -0.003 -21"><span class='ocrx_word' id='word_1_187' title='bbox 134 3008 320 3065; x_wconf 83' lang='lat' dir='ltr'>metrorum</span> <span class='ocrx_word' id='word_1_188' title='bbox 349 2980 456 3074; x_wconf 79' lang='lat' dir='ltr'>millr,</span> <span class='ocrx_word' id='word_1_189' title='bbox 489 3000 527 3057; x_wconf 92' lang='lat' dir='ltr'>ut</span> <span class='ocrx_word' id='word_1_190' title='bbox 551 2983 763 3074; x_wconf 87' lang='lat' dir='ltr'>lavarentur,</span> <span class='ocrx_word' id='word_1_191' title='bbox 788 2985 985 3086; x_wconf 68' lang='lat' dir='ltr'>foetorem,</span> <span class='ocrx_word' id='word_1_192' title='bbox 1010 2984 1125 3058; x_wconf 88' lang='lat' dir='ltr'>statim</span> <span class='ocrx_word' id='word_1_193' title='bbox 1151 3007 1193 3058; x_wconf 91' lang='lat' dir='ltr'>ac</span> <span class='ocrx_word' id='word_1_194' title='bbox 1219 2985 1350 3082; x_wconf 87' lang='lat' dir='ltr'>baptis·</span> 
     </span>
     <span class='ocr_line' id='line_1_26' title="bbox 134 3077 1352 3177; baseline 0.003 -21"><span class='ocrx_word' id='word_1_195' title='bbox 134 3106 197 3162; x_wconf 83' lang='lat' dir='ltr'>mo</span> <span class='ocrx_word' id='word_1_196' title='bbox 223 3077 326 3155; x_wconf 73' lang='lat' dir='ltr'>tindli</span> <span class='ocrx_word' id='word_1_197' title='bbox 349 3097 467 3167; x_wconf 89' lang='lat' dir='ltr'>erant,</span> <span class='ocrx_word' id='word_1_198' title='bbox 507 3078 736 3169; x_wconf 88' lang='lat' dir='ltr'>amittebant,</span> <span class='ocrx_word' id='word_1_199' title='bbox 769 3080 826 3155; x_wconf 90' lang='lat' dir='ltr'>sed</span> <span class='ocrx_word' id='word_1_200' title='bbox 850 3081 908 3177; x_wconf 91' lang='lat' dir='ltr'>qui</span> <span class='ocrx_word' id='word_1_201' title='bbox 941 3102 1024 3153; x_wconf 85' lang='lat' dir='ltr'>mox</span> <span class='ocrx_word' id='word_1_202' title='bbox 1051 3082 1091 3153; x_wconf 93' lang='lat' dir='ltr'>ad</span> <span class='ocrx_word' id='word_1_203' title='bbox 1117 3079 1352 3175; x_wconf 81' lang='lat' dir='ltr'>gentilismum</span> 
     </span>
     <span class='ocr_line' id='line_1_27' title="bbox 133 3173 1350 3272; baseline -0.002 -16"><span class='ocrx_word' id='word_1_204' title='bbox 133 3178 317 3266; x_wconf 81' lang='lat' dir='ltr'>redibant,</span> <span class='ocrx_word' id='word_1_205' title='bbox 341 3173 423 3272; x_wconf 92' lang='lat' dir='ltr'>quid</span> <span class='ocrx_word' id='word_1_206' title='bbox 440 3175 563 3251; x_wconf 80' lang='lat' dir='ltr'>liscum</span> <span class='ocrx_word' id='word_1_207' title='bbox 588 3178 758 3272; x_wconf 88' lang='lat' dir='ltr'>agendum</span> <span class='ocrx_word' id='word_1_208' title='bbox 786 3176 887 3264; x_wconf 88' lang='lat' dir='ltr'>ellet,</span> <span class='ocrx_word' id='word_1_209' title='bbox 911 3176 1167 3251; x_wconf 86' lang='lat' dir='ltr'>consuluerunt.</span> <span class='ocrx_word' id='word_1_210' title='bbox 1200 3176 1350 3268; x_wconf 84' lang='lat' dir='ltr'>Episco-</span> 
     </span>
     <span class='ocr_line' id='line_1_28' title="bbox 131 3268 1345 3370; baseline 0 -20"><span class='ocrx_word' id='word_1_211' title='bbox 131 3296 244 3370; x_wconf 76' lang='lat' dir='ltr'>oopus</span> <span class='ocrx_word' id='word_1_212' title='bbox 273 3293 363 3346; x_wconf 90' lang='lat' dir='ltr'>vero</span> <span class='ocrx_word' id='word_1_213' title='bbox 395 3268 594 3347; x_wconf 82' lang='lat' dir='ltr'>Gabulenlis</span> <span class='ocrx_word' id='word_1_214' title='bbox 625 3270 663 3348; x_wconf 90' lang='lat' dir='ltr'>io</span> <span class='ocrx_word' id='word_1_215' title='bbox 695 3270 816 3370; x_wconf 88' lang='lat' dir='ltr'>Syria,</span> <span class='ocrx_word' id='word_1_216' title='bbox 856 3271 955 3365; x_wconf 81' lang='lat' dir='ltr'>cujus</span> <span class='ocrx_word' id='word_1_217' title='bbox 985 3294 1091 3367; x_wconf 90' lang='lat' dir='ltr'>opera</span> <span class='ocrx_word' id='word_1_218' title='bbox 1123 3271 1193 3346; x_wconf 89' lang='lat' dir='ltr'>sedi</span> <span class='ocrx_word' id='word_1_219' title='bbox 1225 3274 1345 3370; x_wconf 83' lang='lat' dir='ltr'>Papali</span> 
     </span>
     <span class='ocr_line' id='line_1_29' title="bbox 133 3366 1347 3468; baseline -0.002 -22"><span class='ocrx_word' id='word_1_220' title='bbox 133 3367 288 3468; x_wconf 79' lang='lat' dir='ltr'>subjeela</span> <span class='ocrx_word' id='word_1_221' title='bbox 311 3384 387 3441; x_wconf 90' lang='lat' dir='ltr'>erat</span> <span class='ocrx_word' id='word_1_222' title='bbox 414 3366 627 3453; x_wconf 87' lang='lat' dir='ltr'>Antiochia,</span> <span class='ocrx_word' id='word_1_223' title='bbox 652 3366 694 3439; x_wconf 89' lang='lat' dir='ltr'>ad</span> <span class='ocrx_word' id='word_1_224' title='bbox 718 3371 846 3463; x_wconf 86' lang='lat' dir='ltr'>Papam</span> <span class='ocrx_word' id='word_1_225' title='bbox 874 3367 993 3456; x_wconf 87' lang='lat' dir='ltr'>venit,</span> <span class='ocrx_word' id='word_1_226' title='bbox 1020 3389 1058 3440; x_wconf 91' lang='lat' dir='ltr'>ut</span> <span class='ocrx_word' id='word_1_227' title='bbox 1081 3369 1155 3462; x_wconf 81' lang='lat' dir='ltr'>ejus</span> <span class='ocrx_word' id='word_1_228' title='bbox 1178 3392 1284 3463; x_wconf 89' lang='lat' dir='ltr'>opem</span> <span class='ocrx_word' id='word_1_229' title='bbox 1299 3368 1347 3445; x_wconf 85' lang='lat' dir='ltr'>ad</span> 
     </span>
     <span class='ocr_line' id='line_1_30' title="bbox 132 3461 1348 3573; baseline -0.004 -30"><span class='ocrx_word' id='word_1_230' title='bbox 132 3463 344 3543; x_wconf 88' lang='lat' dir='ltr'>obtinendas</span> <span class='ocrx_word' id='word_1_231' title='bbox 366 3461 520 3537; x_wconf 88' lang='lat' dir='ltr'>decimas</span> <span class='ocrx_word' id='word_1_232' title='bbox 542 3461 752 3559; x_wconf 89' lang='lat' dir='ltr'>inploraret,</span> <span class='ocrx_word' id='word_1_233' title='bbox 797 3482 904 3573; x_wconf 87' lang='lat' dir='ltr'>utque</span> <span class='ocrx_word' id='word_1_234' title='bbox 930 3461 1142 3538; x_wconf 82' lang='lat' dir='ltr'>Christianos</span> <span class='ocrx_word' id='word_1_235' title='bbox 1170 3465 1212 3539; x_wconf 89' lang='lat' dir='ltr'>ad</span> <span class='ocrx_word' id='word_1_236' title='bbox 1237 3486 1348 3562; x_wconf 82' lang='lat' dir='ltr'>expe·</span> 
     </span>
     <span class='ocr_line' id='line_1_31' title="bbox 134 3556 1348 3656; baseline -0.005 -14"><span class='ocrx_word' id='word_1_237' title='bbox 134 3563 293 3642; x_wconf 83' lang='lat' dir='ltr'>ditiones</span> <span class='ocrx_word' id='word_1_238' title='bbox 317 3556 427 3632; x_wconf 81' lang='lat' dir='ltr'>sacras</span> <span class='ocrx_word' id='word_1_239' title='bbox 448 3558 641 3634; x_wconf 83' lang='lat' dir='ltr'>excitaret:</span> <span class='ocrx_word' id='word_1_240' title='bbox 664 3558 786 3656; x_wconf 80' lang='lat' dir='ltr'>quibus</span> <span class='ocrx_word' id='word_1_241' title='bbox 809 3578 910 3635; x_wconf 86' lang='lat' dir='ltr'>enam</span> <span class='ocrx_word' id='word_1_242' title='bbox 928 3558 1178 3654; x_wconf 82' lang='lat' dir='ltr'>promovendis</span> <span class='ocrx_word' id='word_1_243' title='bbox 1201 3582 1348 3636; x_wconf 87' lang='lat' dir='ltr'>omnem</span> 
     </span>
     <span class='ocr_line' id='line_1_32' title="bbox 133 3653 1349 3754; baseline 0.003 -26"><span class='ocrx_word' id='word_1_244' title='bbox 133 3663 179 3738; x_wconf 70' lang='lat' dir='ltr'>ab</span> <span class='ocrx_word' id='word_1_245' title='bbox 204 3680 249 3731; x_wconf 92' lang='lat' dir='ltr'>eo</span> <span class='ocrx_word' id='word_1_246' title='bbox 272 3673 435 3748; x_wconf 89' lang='lat' dir='ltr'>ternpore</span> <span class='ocrx_word' id='word_1_247' title='bbox 450 3653 611 3750; x_wconf 90' lang='lat' dir='ltr'>inpendit</span> <span class='ocrx_word' id='word_1_248' title='bbox 635 3678 776 3752; x_wconf 88' lang='lat' dir='ltr'>operam</span> <span class='ocrx_word' id='word_1_249' title='bbox 802 3655 989 3751; x_wconf 84' lang='lat' dir='ltr'>Eugenius.</span> <span class='ocrx_word' id='word_1_250' title='bbox 1036 3658 1095 3729; x_wconf 90' lang='lat' dir='ltr'>De</span> <span class='ocrx_word' id='word_1_251' title='bbox 1120 3680 1190 3754; x_wconf 91' lang='lat' dir='ltr'>quo</span> <span class='ocrx_word' id='word_1_252' title='bbox 1211 3655 1349 3753; x_wconf 83' lang='lat' dir='ltr'>postea.</span> 
     </span>
     <span class='ocr_line' id='line_1_33' title="bbox 133 3749 1348 3848; baseline 0 -22"><span class='ocrx_word' id='word_1_253' title='bbox 133 3781 172 3837; x_wconf 57' lang='grc' dir='ltr'>ρ.</span> <span class='ocrx_word' id='word_1_254' title='bbox 195 3749 379 3830; x_wconf 86' lang='lat' dir='ltr'>Parisrense</span> <span class='ocrx_word' id='word_1_255' title='bbox 402 3750 595 3824; x_wconf 88' lang='lat' dir='ltr'>celebravit</span> <span class='ocrx_word' id='word_1_256' title='bbox 619 3752 830 3835; x_wconf 85' lang='lat' dir='ltr'>concilium,</span> <span class='ocrx_word' id='word_1_257' title='bbox 868 3773 898 3825; x_wconf 87' lang='lat' dir='ltr'>a.</span> <span class='ocrx_word' id='word_1_258' title='bbox 928 3775 1053 3844; x_wconf 80' lang='lat'>1147„</span> <span class='ocrx_word' id='word_1_259' title='bbox 1093 3751 1130 3826; x_wconf 90' lang='lat' dir='ltr'>in</span> <span class='ocrx_word' id='word_1_260' title='bbox 1167 3776 1237 3848; x_wconf 91' lang='lat' dir='ltr'>quo</span> <span class='ocrx_word' id='word_1_261' title='bbox 1268 3752 1348 3829; x_wconf 85' lang='lat' dir='ltr'>Gil-</span> 
     </span>
     <span class='ocr_line' id='line_1_34' title="bbox 136 3844 1346 3944; baseline -0.002 -17"><span class='ocrx_word' id='word_1_262' title='bbox 136 3848 232 3936; x_wconf 82' lang='lat' dir='ltr'>berti</span> <span class='ocrx_word' id='word_1_263' title='bbox 259 3844 437 3920; x_wconf 90' lang='lat' dir='ltr'>Porretani</span> <span class='ocrx_word' id='word_1_264' title='bbox 459 3845 605 3920; x_wconf 83' lang='lat' dir='ltr'>baerests</span> <span class='ocrx_word' id='word_1_265' title='bbox 628 3846 769 3944; x_wconf 89' lang='lat' dir='ltr'>quidem</span> <span class='ocrx_word' id='word_1_266' title='bbox 794 3844 954 3934; x_wconf 80' lang='lat' dir='ltr'>discussa,</span> <span class='ocrx_word' id='word_1_267' title='bbox 986 3848 1045 3922; x_wconf 90' lang='lat' dir='ltr'>sed</span> <span class='ocrx_word' id='word_1_268' title='bbox 1075 3847 1117 3921; x_wconf 89' lang='lat' dir='ltr'>ad</span> <span class='ocrx_word' id='word_1_269' title='bbox 1148 3847 1346 3944; x_wconf 85' lang='lat' dir='ltr'>pleniorem</span> 
     </span>
     <span class='ocr_line' id='line_1_35' title="bbox 130 3939 1364 4050; baseline 0.002 -31"><span class='ocrx_word' id='word_1_270' title='bbox 130 3942 315 4050; x_wconf 79' lang='lat' dir='ltr'>&#39;Synoduro</span> <span class='ocrx_word' id='word_1_271' title='bbox 340 3940 575 4016; x_wconf 89' lang='lat' dir='ltr'>Rhemensern</span> <span class='ocrx_word' id='word_1_272' title='bbox 607 3941 742 4017; x_wconf 78' lang='lat' dir='ltr'>remilla</span> <span class='ocrx_word' id='word_1_273' title='bbox 772 3939 840 4026; x_wconf 82' lang='lat' dir='ltr'>est,</span> <span class='ocrx_word' id='word_1_274' title='bbox 883 3943 967 4018; x_wconf 86' lang='lat' dir='ltr'>Vid.</span> <span class='ocrx_word' id='word_1_275' title='bbox 1001 3948 1090 4019; x_wconf 91' lang='lat' dir='ltr'>Otto</span> <span class='ocrx_word' id='word_1_276' title='bbox 1121 3943 1364 4043; x_wconf 71' lang='lat' dir='ltr'>Frismgenlit</span> 
     </span>
     <span class='ocr_line' id='line_1_36' title="bbox 131 4036 1352 4144; baseline 0.002 -30"><span class='ocrx_word' id='word_1_277' title='bbox 131 4050 182 4128; x_wconf 63' lang='lat' dir='ltr'>de</span> <span class='ocrx_word' id='word_1_278' title='bbox 201 4036 303 4144; x_wconf 77' lang='lat' dir='ltr'>gestit</span> <span class='ocrx_word' id='word_1_279' title='bbox 327 4038 355 4114; x_wconf 86' lang='lat' dir='ltr'>F</span> <span class='ocrx_word' id='word_1_280' title='bbox 356 4036 516 4116; x_wconf 81' lang='lat' dir='ltr'>rederici&#39;</span> <span class='ocrx_word' id='word_1_281' title='bbox 530 4050 558 4114; x_wconf 82' lang='lat' dir='ltr'>l·</span> <span class='ocrx_word' id='word_1_282' title='bbox 578 4039 607 4116; x_wconf 89' lang='lat' dir='ltr'>l.</span> <span class='ocrx_word' id='word_1_283' title='bbox 653 4038 838 4117; x_wconf 82' lang='lat' dir='ltr'>Praeterea</span> <span class='ocrx_word' id='word_1_284' title='bbox 861 4039 1114 4135; x_wconf 86' lang='lat' dir='ltr'>Willtelmum,</span> <span class='ocrx_word' id='word_1_285' title='bbox 1145 4040 1352 4139; x_wconf 83' lang='lat' dir='ltr'>Archiepis-</span> 
     </span>
     <span class='ocr_line' id='line_1_37' title="bbox 121 4148 1350 4239; baseline 0.001 -24"><span class='ocrx_word' id='word_1_286' title='bbox 121 4148 135 4215; x_wconf 91' lang='lat' dir='ltr'>l</span> <span class='ocrx_word' id='word_1_287' title='bbox 1218 4160 1350 4239; x_wconf 85' lang='lat' dir='ltr'>coputn</span> 
     </span>
    </p>
   </div>
   <div class='ocr_carea' id='block_1_4' title="bbox 0 0 1516 4806">
    <p class='ocr_par' dir='ltr' id='par_1_5' title="bbox 0 0 1516 4806">
     <span class='ocr_line' id='line_1_38' title="bbox 0 0 1516 4806; baseline 0 2"><span class='ocrx_word' id='word_1_288' title='bbox 0 0 1516 4806; x_wconf 95' lang='lat' dir='ltr'> </span> 
     </span>
    </p>
   </div>
  </div>
 </body>
</html>
