3022 4806
126 657 173 734 ⁸3
503 633 649 736 Historia
672 637 801 739 Eccles.
830 635 947 739 chiffl.

114 819 329 902 ¹tersuerrtnt
372 834 443 909 300
476 813 663 913 Episcopi,
704 838 850 914 quornm
889 817 1085 913 catalogum
1121 835 1167 889 ex
1198 807 1275 888 auti
1301 832 1349 884 uo

135 916 218 998 Mis.
252 911 410 990 recenset
434 912 626 987 Dacherios
657 913 695 986 in
719 912 934 1010 spicilegio,
969 917 1079 986 tribus
1112 928 1199 984 vero
1238 907 1273 980 se
1315 929 1354 979 o·

137 1019 238 1092 nibus
264 1009 315 1086 est
341 1008 545 1084 absolutum.
593 1009 722 1083 Causae
744 1028 861 1082 autem
889 1029 926 1081 et
948 1008 1024 1082 acia
1045 1008 1187 1081 suerunt
1210 1003 1355 1100 sequen·

138 1115 200 1190 tia.
255 1131 285 1184 1.
310 1102 424 1179 Prima
447 1103 545 1177 causa
569 1102 641 1194 est,
674 1124 714 1178 ut
737 1105 919 1179 schismata
940 1104 974 1178 in
1010 1105 1176 1199 Paparum
1209 1097 1355 1174 elcblio·

138 1199 418 1286 multarentur,
445 1219 483 1271 et
506 1199 714 1273 schismatici
734 1201 991 1275 damnarentur.
1039 1199 1120 1298 Quo
1144 1195 1210 1271 fini
1233 1196 1358 1269 decre·

136 1326 213 1381 tum
238 1298 309 1388 est,
336 1314 376 1369 ut
399 1293 712 1391 Pseudo-paparum
736 1295 975 1370 ordinationes
999 1295 1187 1369 habeantur
1210 1290 1354 1384 irritae,

141 1422 209 1476 nec
232 1413 313 1469 ante
338 1388 553 1558 recipiantur
585 1392 815 1482 schismatici,
855 1414 955 1488 quam
989 1389 1131 1464 schisma
1166 1387 1225 1461 sub
1259 1407 1358 1462 certa

141 1490 292 1571 formula
314 1487 518 1584 ejuralent:
553 1486 726 1582 denique,
761 1508 819 1577 ut,
851 1486 893 1561 ad
920 1483 1220 1581 praeveniendum
1252 1479 1359 1557 schis-

141 1612 217 1677 ma,
242 1585 331 1658 nulla
354 1578 529 1656 Pontificis
554 1582 706 1658 Romani
731 1583 858 1658 eleciio
881 1583 1048 1656 habeatur
1071 1599 1162 1671 rata,
1187 1576 1251 1653 nisi
1275 1579 1361 1655 dua·

143 1691 208 1769 bus
239 1679 472 1755 Cardinalium
496 1679 651 1773 partibus
676 1679 996 1767 consentientibus,
1030 1676 1117 1751 diris
1146 1673 1275 1749 additis
1304 1675 1361 1750 in'·

143 1775 423 1882 precationibus,
455 1773 581 1869 siquis
607 1797 626 1846 a
650 1776 755 1849 tertia
786 1792 889 1872 parte
921 1771 1049 1847 erectus
1074 1771 1108 1845 se
1137 1771 1264 1866 Papam
1298 1791 1362 1867 ge·

144 1896 210 1954 rat.
270 1870 375 1982 Quod
414 1870 593 1943 decretum
635 1867 838 1944 obserhatot
878 1867 1079 1943 etiamnum.
1135 1887 1166 1940 a.
1199 1865 1363 1944 Secunda

142 1968 241 2050 causa
266 1968 333 2042 suit
364 1962 569 2058 exstirpatio
594 1965 833 2040 Waldensrum
853 1983 888 2037 et
910 1962 1166 2062 Albigenstum3
1192 1962 1292 2058 cujus
1308 1986 1365 2040 re·

143 2066 260 2167 speiiu
286 2059 426 2136 ultimus
450 2080 564 2134 canon
590 2060 676 2150 sert,
700 2082 739 2134 ut
763 2078 884 2136 contra
908 2083 968 2133 eos
995 2082 1086 2134 arma
1108 2055 1361 2152 suscipiantur,

145 2156 312 2264 promissa
337 2155 507 2230 militibus
530 2157 652 2232 eadem
681 2156 918 2254 indulgentia,
944 2176 1039 2253 quae·
1055 2153 1237 2245 cruciatis,
1246 2158 1367 2320 prae·

142 2282 243 2338 terea
275 2275 381 2328 omne
413 2254 667 2327 commercium
692 2277 772 2326 cum
807 2252 851 2326 iis
875 2254 1030 2340 vitetur,
1073 2249 1159 2325 sicut
1182 2249 1220 2322 in
1285 2272 1368 2324 uro·

144 2355 242 2452 nenfi
270 2345 426 2423 coneilio
447 2370 478 2422 a.
508 2356 612 2439 1163.
638 2348 767 2421 fadum
792 2346 928 2435 fuerat,
954 2347 1045 2442 quod
1073 2345 1134 2422 hic
1155 2362 1365 2427 renovatum

144 2448 208 2528 est.
256 2444 427 2519 Statuitur
443 2463 600 2538 quoque,
618 2464 698 2532 eos,
725 2464 887 2516 unacum
906 2441 1116 2532 fautoribus,
1141 2440 1368 2516 confiscatio·

142 2567 189 2622 ne
209 2545 383 2616 bonorum
406 2555 443 2609 et
470 2536 637 2611 servitute
661 2535 979 2634 premereiment,
1019 2536 1043 2611 sr
1072 2543 1123 2611 ita
1147 2535 1259 2610 visum
1285 2536 1367 2612 fue·

144 2642 196 2719 rit
214 2632 447 2741 Principibus.
500 2635 665 2706 Ceterum
691 2652 813 2709 notatu
829 2635 969 2731 dignum
989 2631 1060 2722 est,
1086 2633 1271 2707 haereticis
1288 2631 1368 2709 hm·

145 2734 290 2836 pliciter
315 2729 387 2804 dict
411 2727 615 2818 anathema,
640 2748 675 2801 et
691 2729 811 2803 fideles
834 2730 1013 2826 prohiberi
1038 2726 1166 2826 aliquid
1191 2750 1368 2803 commer-

145 2832 196 2911 cii
219 2850 299 2904 cum
330 2822 404 2920 illis
427 2827 574 2913 habere,
609 2827 703 2923 quod
730 2825 839 2923 ipsum
866 2826 906 2899 ad
936 2824 1153 2914 defensores,
1178 2846 1215 2896 et
1242 2846 1368 2922 recep·

144 2948 264 3017 tores,
288 2944 409 2997 eorum
434 2920 653 2997 extenditur:
678 2919 736 2996 sed
762 2925 887 2997 bellum
905 2943 1028 2996 contra
1052 2945 1114 2994 eos
1137 2918 1266 3011 indici,
1294 2941 1368 2995 nou

145 3048 213 3122 qua
242 3023 348 3107 tales,
374 3037 411 3090 ut
436 3019 634 3116 praetendit
661 3019 840 3116 synodus,
875 3035 909 3090 et
933 3018 1049 3115 paffim
1076 3017 1183 3091 solent
1207 3015 1369 3111 persecu·

147 3139 260 3206 tores,
292 3114 347 3188 sed
374 3137 440 3209 qua
464 3116 673 3211 praedones,
707 3133 744 3187 et
766 3114 968 3211 grassatores
991 3114 1028 3187 in
1053 3110 1372 3210 Ecclefias‚·(quae

152 3214 298 3295 crimina
321 3208 401 3308 ipsis
415 3210 567 3290 ,fuerunt
586 3207 760 3308 inputata)
785 3209 1010 3295 monasteria,
1040 3229 1077 3281 et
1095 3208 1214 3282 fideles
1239 3205 1368 3305 quales·

148 3325 305 3406 cunque:
342 3307 454 3403 quales
476 3310 668 3402 praedones
690 3304 738 3378 ibi
762 3307 975 3402 adpellantur
999 3305 1264 3394 brabantiones,
1297 3305 1368 3377 Ar·

147 3402 378 3506 ragonenses‚
412 3402 583 3491 Nonacri,
623 3400 775 3490 Basouli,
816 3402 1009 3490 Coterelli,
1052 3420 1089 3472 et
1123 3396 1366 3476 Triavardini.

152 3531 184 3601 3.
212 3499 339 3575 Tertia
370 3497 470 3571 causa
503 3499 569 3572 suit
605 3495 772 3594 collapsae
801 3495 1004 3593 disciplinae
1040 3494 1262 3570 instauratio:
1306 3492 1368 3570 cui

150 3597 250 3675 multi
274 3592 506 3668 inservierunt
529 3615 695 3668 canones:
735 3595 827 3668 inter
852 3616 938 3689 quos
963 3594 1062 3680 sunt,
1103 3591 1196 3687 qui,
1219 3588 1367 3687 Episco-

23 3727 24 3731 ’
148 3691 233 3797 puin
258 3710 341 3765 ante
365 3686 575 3783 trigesimum
600 3689 724 3764 aetatis
746 3711 875 3761 annum
899 3686 999 3782 eligi,
1031 3707 1171 3785 vetant,
1205 3688 1286 3783 quia
1307 3689 1367 3782 ju·

150 3811 260 3867 venes
302 3788 373 3860 hoc
414 3786 529 3861 seculo
568 3784 610 3858 ad
648 3782 902 3859 Ecclesiasticas
937 3785 1037 3880 saepe
1070 3783 1370 3880 promovebantur

150 3885 360 3987 dignitates,
394 3879 586 3954 simoniam
615 3884 887 3978 qualemcunque
911 3878 1093 3967 damnant,
1123 3877 1368 3974 Templarios,

150 3977 432 4079 llospitalarios‚
457 3975 607 4074 aliosque
631 3976 830 4072 religiosos,
864 3976 943 4072 qui,
977 3975 1175 4073 privilegiis
1202 3974 1265 4048 suis
1295 3995 1374 4069 nott¹

146 4073 326 4185 contenti,
367 4071 477 4179 malta
502 4091 627 4151 contra
652 4071 897 4172 Episcopalem
930 4071 1157 4150 autoritatem·
1176 4071 1374 4243 praespmes'

1296 4180 1375 4267 ant,
