3022 4806
646 672 752 747 necti.
781 668 868 747 rrr.
1296 642 1370 762 ’ῃ

151 847 184 922 ad
204 847 332 947 pacem
357 847 637 937 conciliandam,
670 847 863 923 honorifica
887 847 1030 923 tandem
1062 846 1190 944 legatio
1216 861 1366 950 quatuor

149 947 377 1019 Cardinalium
402 945 444 1016 ad
462 949 702 1041 iaperatorem
723 945 890 1042 destinata
908 945 959 1017 est
982 968 1012 1018 a.
1041 966 1169 1037 1159„
1195 953 1261 1046 qui·
1276 954 1364 1024 haec

104 1114 106 1124 ,
147 1042 287 1135 capitula
312 1039 346 1113 ei
371 1061 615 1136 proponerent
637 1040 844 1113 adsumenda
877 1061 915 1113 et
939 1042 1114 1113 firmanda.
1168 1067 1198 1117 r.
1225 1068 1271 1118 oe
1302 1048 1361 1119 ln·

101 1136 104 1155 ¹
145 1158 278 1233 perator
320 1138 488 1226 nuncios,
521 1135 721 1210 inconsulto
753 1138 862 1231 Papa,
906 1137 1057 1209 Romam
1090 1136 1241 1231 mittat,
1280 1162 1363 1218 curn

146 1232 369 1328 Magistratus
393 1251 429 1303 er
451 1233 582 1327 regalia
607 1235 700 1307 urbis
730 1231 838 1306 ellent
860 1232 946 1328 juris
986 1235 1024 1307 Β.
1052 1232 1141 1305 Petri
1174 1255 1206 1309 a.
1241 1258 1286 1308 ne
1319 1238 1365 1310 de

145 1354 231 1428 agris
256 1348 294 1399 et
319 1327 428 1414 locis,
459 1342 501 1402 ao
528 1327 721 1403 dominium
748 1329 860 1422 Papae
883 1326 1161 1423 pertinentibus,
1194 1332 1359 1427 pabulum

145 1447 314 1524 equorum
351 1421 558 1516 colligatur,
594 1424 657 1497 nifi
704 1443 866 1516 tempore
890 1422 1076 1515 inperialis
1106 1428 1359 1504 coronationis.

146 1546 174 1616 3.
200 1539 241 1592 ut
267 1519 390 1591 ltaliae
414 1518 581 1613 Episcopi
615 1520 865 1593 sacramentum
904 1515 1102 1608 fidelitatis,
1136 1519 1211 1592 sine
1242 1523 1360 1596 humi·

145 1618 217 1708 uio,
238 1614 416 1711 praestent
432 1617 650 1710 lnperatori‚
670 1638 703 1705 4.
723 1617 945 1712 Imperatores
964 1611 1109 1686 minime
1125 1616 1187 1689 fibi
1204 1616 1261 1711 jus
1277 1619 1358 1694 hos·

145 1715 222 1881 pitii
257 1717 295 1785 in
331 1711 469 1805 palatiis
500 1710 752 1807 Episcoporum
785 1713 940 1797 sumant,
982 1730 1016 1798 5.
1054 1729 1091 1780 ut
1131 1711 1359 1809 possessiones

159 1808 315 1884 'eclesiae
338 1807 537 1893 Romanae,
560 1824 595 1876 et
619 1804 748 1878 tributa
773 1809 801 1877 F
803 1806 969 1892 errariae,
1003 1799 1127 1878 mass'ae
1154 1806 1263 1882 totius
1288 1829 1358 1884 ter-

124 1922 198 1979 erae
230 1901 441 1988 Mathildis,
475 1902 615 1974 ducatus
648 1902 853 1999 spoletani,
886 1900 1069 1973 insularum
1102 1904 1286 1977 Sardiniae
1319 1925 1359 1980 et

144 1999 319 2087 Corsicae,
343 1996 579 2071 restituantur.
626 1997 789 2095 Denique
823 2002 856 2071 6.
883 2016 922 2068 ut
951 1996 1140 2070 concordia
1166 2001 1262 2072 inter
1286 2000 1359 2074 Eu·

165 2098 283 2171 cnium
319 2110 355 2164 ct
388 2095 638 2187 Imperatorem⁸
660 2093 749 2165 sarta
780 2093 869 2166 tedla
902 2109 1052 2164 maneat.
1104 2093 1161 2165 Ad
1187 2117 1274 2188 quae
1302 2118 1357 2170 re·
1386 2130 1390 2135 ·

143 2116 280 2287 ipondit
313 2188 537 2275 Fredericus,
578 2186 773 2260 dominium
805 2187 898 2259 urbis
930 2187 991 2258 sibi
1026 2208 1098 2256 non
1122 2189 1220 2282 polle
1243 2192 1356 2285 eripi,

144 2310 217 2362 cum
249 2284 371 2358 divina
401 2280 620 2356 ordinatione
651 2285 835 2378 Imperator
858 2281 917 2370 sit,
957 2277 1210 2374 Episcoporum
1236 2285 1357 2360 ltaliae

143 2381 329 2457 sensilium
354 2377 524 2452 sadlurum
551 2375 766 2465 hominium,
813 2378 836 2450 li
861 2393 897 2449 et
920 2373 968 2449 illi
991 2379 1167 2470 regalibus
1190 2383 1355 2455 renunci·
1424 2407 1427 2413 ·
1476 2441 1478 2447 .

142 2500 215 2554 eut:
243 2473 389 2552 nuncios
414 2495 485 2547 non
511 2473 581 2547 elle
608 2472 645 2545 in
669 2473 802 2570 palatiis
825 2472 1079 2569 Episcoporum
1109 2473 1352 2570 recipiendos,

142 2576 231 2650 dea
259 2593 329 2647 non
361 2568 425 2642 sint
455 2569 493 2642 in
519 2569 649 2662 regali,
691 2567 749 2641 sed
788 2566 933 2665 proprio
976 2566 1059 2641 solo.
1110 2571 1291 2646 Praeterea
1318 2593 1356 2647 et

139 2672 191 2748 sua
211 2667 414 2770 gravamina
439 2662 643 2760 proposuit,
676 2663 721 2736 de
738 2664 876 2737 violatis
903 2661 1074 2750 pauisse
1102 2666 1264 2755 Graecis,
1299 2670 1354 2743 Si·

141 2769 241 2857 culis,
276 2761 469 2852 Romanis,
503 2781 573 2833 nun
600 2757 661 2831 nisi
687 2760 865 2833 cummuni
894 2755 1082 2848 consensu,
1117 2762 1352 2856 recipiendis;

140 2865 180 2940 de
203 2858 443 2937 cardinalibus
470 2854 540 2927 stne
564 2853 726 2949 permissu
753 2855 969 2949 Inperatoris
993 2856 1098 2930 libere
1121 2879 1184 2950 per
1205 2879 1353 2951 regnum

138 2954 408 3044 transeuntibus,
439 2970 476 3022 et
503 2949 667 3026 Ecclesras
691 2951 938 3048 gravantibus,
972 2951 1017 3022 de
1040 2949 1177 3042 injustis
1200 2953 1352 3047 adpella-

138 3055 284 3130 tionibus
311 3071 379 3124 etc.
430 3045 583 3120 Duravit
616 3048 798 3121 contentio
828 3046 869 3118 ad
895 3047 1007 3139 Papae
1037 3066 1187 3120 mortem
1224 3050 1350 3146 usque,

138 3173 218 3247 quae
242 3145 346 3220 brevi
369 3142 486 3218 secuta
508 3140 560 3215 est
583 3139 708 3214 eodem
734 3164 827 3216 anno
855 3161 962 3230 1159.
1351 3160 1356 3241 j
1425 3157 1427 3160 ’

176 3247 206 3346 p.
231 3242 363 3317 LXXI.
401 3241 548 3334 lugente
573 3233 771 3329 schismate,
797 3236 896 3311 causa
920 3233 1101 3310 elesiionis
1126 3237 1260 3333 Papae,
1290 3267 1354 3319 ex.

137 3365 232 3430 orto,
273 3361 355 3412 cum
381 3331 680 3432 aliiCardinales,
715 3355 861 3429 quorum
888 3350 993 3427 caput
1021 3350 1095 3404 erat
1119 3334 1354 3434 Odavianus,
1473 3359 1474 3363 ’

135 3438 326 3534 apartibus
343 3430 557 3526 Inperatoris
581 3426 729 3518 starent,
755 3430 827 3517 alii,
861 3429 950 3500 duce
974 3427 1156 3517 Rolando,
1180 3431 1215 3503 se
1238 3452 1357 3532 oppos
1419 3512 1424 3516 g

91 3588 93 3592 .
138 3552 278 3622 nerent,
304 3526 436 3600 elesius
457 3524 525 3612 est,
554 3540 592 3595 ut
619 3525 759 3596 tradunt
785 3523 945 3598 Gulielm.
970 3521 1167 3618 Neubrig.,
1193 3526 1213 3599 l.
1238 3529 1285 3604 ll.
1313 3553 1356 3611 et

136 3623 436 3722 chronographus
468 3619 745 3715 Reichersperg.
780 3642 810 3694 a.
840 3639 966 3709 1159„
1008 3640 1028 3691 a
1058 3621 1174 3716 longe·
1193 3623 1353 3716 pluribus

138 3723 394 3806 Cardinalibus‚
434 3714 635 3805 Rolandus,
677 3712 790 3787 diuus
814 3715 1001 3788 Alexander
1029 3716 1116 3805 lll.,
1148 3720 1354 3819 areliquis,

138 3818 189 3896 sed
216 3817 359 3915 paucis,
387 3809 622 3898 Odiavianus,
647 3809 706 3881 sub
730 3810 871 3882 nomine
890 3808 1111 3887 VidorislV.
1144 3809 1213 3884 Sed
1237 3812 1356 3893 Rade.

138 3918 232 3991 vicus
247 3932 284 3987 et
310 3912 405 3983 Otto
424 3906 520 3980 des.
547 3903 676 3994 Blasio,
701 3927 833 3979 novem
850 3906 1046 3980 cardinales
1068 3906 1253 4003 apartibus
1266 3915 1357 3990 Vic.

143 4011 223 4083 toris
242 4004 399 4089 stetisse,
425 4001 587 4086 tradunt,
613 4002 978 4096 quatuordeeim‚‚vel
1006 3999 1187 4093 undecim,
1212 4027 1235 4078 'a
1256 4027 1358 4105 parte

141 4103 352 4272 Alpandrlil
384 4092 544 4178 Vidturlr
559 4114 644 4170 vero
660 4094 812 4265 fadippne
826 4098 864 4174 in
882 4099 967 4177 urbe
980 4098 1225 4194 praevalente,
1247 4103 1365 4279 Algiza
1392 4117 1394 4121 ⁴

144 4226 146 4230 ’
205 4220 262 4276 Μ.
346 4249 358 4274 0
1256 4218 1301 4277 all
1326 4215 1368 4289 01
