3022 4806
920 490 930 508 l

529 648 533 657 -
652 598 756 675 resur.
786 597 873 674 mr.
1094 707 1096 711 ἢ
1316 615 1365 693 m

140 765 211 842 tria
227 771 413 863 Lucensis,
440 791 476 848 et
500 773 692 873 Episcopus
712 773 899 865 Ostiensis,
924 772 1054 849 elesius
1077 793 1097 844 a
1120 769 1357 851 Cardinalibur

140 863 243 956 solis,
277 891 315 942 et
341 872 528 944 secundum
553 874 735 947 decretum
764 871 905 946 concilii
929 869 1189 958 Laterancnsrs,
1218 869 1356 968 dequo

140 961 264 1056 supra,
300 989 318 1040 a
345 970 474 1039 duabus
498 970 613 1041 tertiis
648 970 825 1065 partibus,
857 966 930 1060 vid,
957 967 1157 1060 Onuphrius
1181 965 1223 1036 ad
1249 969 1354 1041 Plati-

139 1078 240 1147 nam,
274 1061 545 1137 consecratore
576 1066 756 1139 Porruensr
787 1063 987 1162 Episcopo,
1020 1060 1203 1154 praesente
1228 1062 1353 1134 Archi·

140 1161 352 1247 presbytero
378 1159 550 1246 Ostiensi,
586 1179 624 1234 ut
649 1161 753 1234 moris
785 1176 882 1248 erat,
914 1157 940 1229 li
967 1154 1132 1228 Ostiensis
1157 1155 1354 1252 Episcopus

141 1251 246 1322 ficret
272 1255 388 1346 Papa:
422 1255 479 1325 vir
503 1257 655 1348 prudens
687 1278 724 1328 et
759 1255 850 1349 pius,
885 1252 944 1326 sed
972 1251 1159 1326 mediocris
1180 1254 1353 1343 litteratae

136 1370 219 1436 rae,
246 1345 436 1421 secundum
455 1350 667 1424 Gulielmum
687 1349 850 1446 Tyrrurn.
881 1349 1022 1444 Regem
1039 1348 1179 1420 Scotiae
1203 1347 1356 1421 Wilhel-

138 1467 256 1530 mum,
290 1443 326 1514 in
351 1467 453 1538 quem
471 1447 671 1521 Alexander
694 1445 1091 1531 excommunicationis,
1115 1466 1157 1516 ac
1174 1443 1352 1519 interdicti

136 1540 247 1627 sacri,
275 1537 487 1611 sententiam
521 1545 665 1631 tulerat,
698 1543 800 1638 quia,
834 1541 995 1636 johanne
1030 1541 1139 1611 Scoto
1180 1541 1352 1615 canonice

138 1634 255 1708 eleeto
288 1631 466 1731 Episcopo
502 1639 536 1709 S.
563 1639 747 1726 Andreae,
780 1639 973 1730 Hugonem
1010 1637 1220 1730 capellanum
1252 1635 1350 1711 suurn

138 1731 304 1826 pervim
340 1729 544 1820 intruserat,
581 1752 619 1805 et
652 1735 761 1828 Papae
787 1731 982 1805 sententiae
1004 1730 1145 1803 obedire
1169 1731 1351 1808 recusare·

140 1847 216 1914 tat,
240 1825 393 1897 absolvit
421 1828 567 1915 lucius,
599 1828 753 1928 Johanni
774 1823 1025 1900 Deinkeldensr
1051 1826 1267 1922 Episcopatu
1290 1830 1349 1904 da·

141 1942 201 2010 to,
235 1940 270 1992 et
292 1919 441 2013 trogoni
467 1925 501 1994 S.
525 1926 689 1998 Andreae
711 1922 884 1997 concello.
936 1923 1090 1994 Duravit
1115 1941 1232 1996 tamen
1262 1945 1350 1996 con·

138 2018 276 2104 tentio,
318 2039 398 2089 curn
430 2017 603 2110 Jolranncs
634 2020 670 2094 in
703 2041 747 2090 eo
782 2042 853 2091 non
879 2015 1134 2113 acquiesceret,
1173 2016 1350 2111 usquead

137 2118 357 2186 clementem
390 2111 454 2183 lll.
513 2114 598 2189 vid.
630 2113 850 2187 Hovedeous
886 2113 923 2184 in
965 2113 1148 2185 Annalibus
1187 2115 1347 2207 Anglicr'r.

140 2211 269 2282 Gravis
297 2206 410 2299 Papae
436 2204 505 2279 suit
534 2230 614 2282 curn
637 2208 810 2291 Romanis
828 2206 1069 2294 coniliilatio,
1093 2206 1182 2303 quod
1207 2211 1348 2282 consue·

140 2305 299 2391 tudines,
339 2325 423 2398 quar
461 2321 644 2378 tenuerant
683 2300 905 2392 decessores,
946 2300 1117 2375 recusaret
1155 2301 1349 2380 observare.

140 2402 260 2474 Venit
290 2397 432 2493 quidem
462 2400 504 2472 ad
536 2403 610 2496 ejus
639 2398 877 2471 defensionem
910 2396 1125 2470 Christianus
1160 2398 1349 2495 Mogonti-

139 2516 307 2570 nuscum
333 2491 518 2582 exercitu,
552 2515 591 2569 et
624 2494 805 2568 Romanos
824 2492 984 2590 graviter
1007 2484 1164 2580 adflixit,
1199 2496 1256 2569 sed
1288 2498 1348 2590 hi,

130 2593 244 2689 ,fonte
269 2611 433 2684 aquarum
458 2611 597 2664 veneno
618 2587 770 2677 infesto,
795 2592 888 2686 quod
907 2608 1022 2663 tamen
1040 2591 1127 2662 solus
1145 2589 1254 2663 refert
1270 2592 1350 2666 Ho-

137 2687 315 2775 vedenus,
347 2683 459 2779 ipsum
485 2707 565 2759 cum
589 2688 657 2759 suis
678 2685 863 2759 demedio
894 2682 1119 2772 sustulerunt,
1153 2704 1189 2755 et
1218 2687 1349 2782 Papam
1462 2686 1464 2692 ⁴

137 2782 252 2856 acrius
273 2782 350 2853 sunt
375 2780 569 2876 persecuti,
602 2781 691 2854 adeo
718 2798 755 2852 ut
787 2780 908 2876 sugere
940 2780 1048 2853 suerit
1082 2778 1241 2869 coaslus,
1275 2784 1351 2856 Ro.

137 2901 197 2952 rna
220 2877 325 2950 semel
349 2895 385 2946 et
410 2874 541 2949 iterum
564 2875 707 2950 deserta.
760 2875 846 2968 Cum
875 2894 988 2949 autem
1014 2873 1162 2947 secunda
1188 2875 1267 2947 vice
1290 2899 1351 2952 ex·

139 2979 271 3060 ularet,
302 2989 515 3044 conventum
550 2972 743 3049 celebravit
769 2972 951 3061 Veronae,
984 2968 1040 3043 cui
1063 2971 1090 3040 F
1092 2969 1267 3043 redericus
1291 2973 1351 3047 ln·

138 3088 282 3166 perator
303 3065 484 3153 interfuit,
518 3065 553 3139 in
580 3091 650 3162 quo
675 3063 827 3141 Romani
854 3067 932 3139 sunt
957 3062 1118 3140 declarati
1143 3063 1277 3154 hostes,
1311 3089 1350 3145 et

138 3159 347 3240 Christianis
372 3162 410 3234 in
435 3161 621 3235 Palaestina
642 3159 875 3236 laborantibus
906 3159 1047 3233 decreta
1080 3161 1218 3235 auxilia.
1270 3163 1350 3238 Vo.

137 3261 207 3336 luit
230 3258 562 3353 etiam‘lnperator,
589 3277 627 3330 ut
650 3259 697 3332 de
711 3255 941 3331 ordinatis'ac
964 3254 1186 3330 schismaticis
1211 3257 1349 3366 dispen-

141 3360 233 3431 saret
265 3358 376 3448 Papa,
410 3356 468 3425 sed
502 3355 530 3426 is
562 3352 604 3425 ad
637 3351 826 3446 plenarium
860 3351 945 3427 illud
979 3353 1102 3425 retulit
1143 3354 1347 3433 concilrum.

140 3452 287 3545 Agitata
320 3471 458 3543 quoqne
481 3448 532 3520 est
561 3447 795 3522 controversra
827 3449 871 3519 de
902 3445 1004 3519 bonis
1036 3445 1236 3521 Comitilsae
1269 3451 1351 3526 Ma·

142 3539 283 3633 thildis,
310 3567 398 3639 quae
418 3545 605 3639 inperator
620 3542 778 3639 inperio,
802 3544 894 3638 Papa
914 3541 1107 3628 Ecclesiae,
1130 3541 1232 3618 soille
1248 3544 1351 3621 testa·

137 3663 262 3720 mento
289 3639 429 3727 renota,
453 3639 712 3728 contendebat,
736 3640 794 3713 sed
818 3638 907 3712 nihil
932 3637 1127 3710 conclusum
1153 3637 1213 3714 ell.
1265 3640 1352 3716 Edi·

136 3741 258 3816 ditet
299 3735 360 3808 hic
392 3733 678 3809 constitutionem
710 3738 801 3829 Papa
832 3752 956 3808 contra
988 3732 1213 3822 Waldenses,
1253 3738 1350 3833 Albi]-

135 3834 284 3936 genses,
319 3829 470 3926 aliosque
492 3831 707 3917 haereticos,
740 3853 828 3927 quos
864 3829 942 3901 diro
974 3827 1119 3923 subjecit
1152 3831 1354 3908 anathema-

138 3935 190 4018 ti,
223 3949 311 4023 quae
337 3928 431 3998 inter
456 3925 557 3999 Lucii
584 3925 743 4022 epistolas
766 3931 942 4013 occurrit;
977 3925 1034 3998 sed
1063 3924 1100 3998 in
1125 3925 1353 4010 decretalibus

143 4022 310 4115 Gregorii
336 4024 428 4097 hacc
452 4020 682 4123 ejuslegitur
717 4018 944 4114 constitutio,
977 4022 1013 4094 in
1032 4017 1145 4120 sacris
1179 4023 1354 4103 canoribus

189 4118 276 4194 Tom.
305 4117 372 4192 VI.
728 4118 769 4189 N
1222 4137 1358 4239 genera:
1413 4162 1473 4524 ι
