<?xml version="1.0" encoding="UTF-8"?>
<!DOCTYPE html PUBLIC "-//W3C//DTD XHTML 1.0 Transitional//EN"
    "http://www.w3.org/TR/xhtml1/DTD/xhtml1-transitional.dtd">
<html xmlns="http://www.w3.org/1999/xhtml" xml:lang="en" lang="en">
 <head>
  <title>
</title>
<meta http-equiv="Content-Type" content="text/html;charset=utf-8" />
  <meta name='ocr-system' content='tesseract 3.04.00' />
  <meta name='ocr-capabilities' content='ocr_page ocr_carea ocr_par ocr_line ocrx_word'/>
</head>
<body>
  <div class='ocr_page' id='page_1' title='image "./hermannivenemai00venegoog_0159.png"; bbox 0 0 3022 4806; ppageno 0'>
   <div class='ocr_carea' id='block_1_1' title="bbox 133 527 1030 665">
    <p class='ocr_par' dir='ltr' id='par_1_1' title="bbox 133 527 1030 665">
     <span class='ocr_line' id='line_1_1' title="bbox 133 527 1030 665; baseline -0.001 -24"><span class='ocrx_word' id='word_1_1' title='bbox 133 583 204 659; x_wconf 80' lang='lat'>150</span> <span class='ocrx_word' id='word_1_2' title='bbox 514 558 662 661; x_wconf 61' lang='lat' dir='ltr'>&amp;storia</span> <span class='ocrx_word' id='word_1_3' title='bbox 685 559 812 663; x_wconf 82' lang='lat' dir='ltr'>Eccles.</span> <span class='ocrx_word' id='word_1_4' title='bbox 834 556 953 665; x_wconf 57' lang='lat' dir='ltr'>elale</span> <span class='ocrx_word' id='word_1_5' title='bbox 1021 527 1030 533; x_wconf 27' lang='lat'>⁸</span> 
     </span>
    </p>
   </div>
   <div class='ocr_carea' id='block_1_2' title="bbox 136 735 1326 1328">
    <p class='ocr_par' dir='ltr' id='par_1_2' title="bbox 136 735 1326 1106">
     <span class='ocr_line' id='line_1_2' title="bbox 136 735 1326 841; baseline 0.003 -23"><span class='ocrx_word' id='word_1_6' title='bbox 136 741 247 818; x_wconf 76' lang='lat' dir='ltr'>elesiir</span> <span class='ocrx_word' id='word_1_7' title='bbox 273 754 397 828; x_wconf 89' lang='lat' dir='ltr'>orent,</span> <span class='ocrx_word' id='word_1_8' title='bbox 431 735 583 834; x_wconf 88' lang='lat' dir='ltr'>denique</span> <span class='ocrx_word' id='word_1_9' title='bbox 615 739 788 837; x_wconf 78' lang='lat' dir='ltr'><strong>liturgiam</strong></span> <span class='ocrx_word' id='word_1_10' title='bbox 814 740 921 838; x_wconf 84' lang='lat' dir='ltr'>palum</span> <span class='ocrx_word' id='word_1_11' title='bbox 956 737 1100 816; x_wconf 85' lang='lat' dir='ltr'>iaciant.</span> <span class='ocrx_word' id='word_1_12' title='bbox 1147 737 1255 841; x_wconf 75' lang='lat' dir='ltr'>Quae</span> <span class='ocrx_word' id='word_1_13' title='bbox 1289 761 1326 821; x_wconf 79' lang='lat' dir='ltr'>er</span> 
     </span>
     <span class='ocr_line' id='line_1_3' title="bbox 138 832 1326 932; baseline -0.001 -19"><span class='ocrx_word' id='word_1_14' title='bbox 138 840 220 913; x_wconf 91' lang='lat' dir='ltr'>dem</span> <span class='ocrx_word' id='word_1_15' title='bbox 243 832 496 932; x_wconf 76' lang='lat' dir='ltr'>propositiones</span> <span class='ocrx_word' id='word_1_16' title='bbox 524 835 652 908; x_wconf 90' lang='lat' dir='ltr'>Graeci</span> <span class='ocrx_word' id='word_1_17' title='bbox 678 849 720 911; x_wconf 80' lang='lat' dir='ltr'>ab</span> <span class='ocrx_word' id='word_1_18' title='bbox 744 838 909 911; x_wconf 74' lang='lat' dir='ltr'>Armenia</span> <span class='ocrx_word' id='word_1_19' title='bbox 932 836 1142 931; x_wconf 88' lang='lat' dir='ltr'>postularunt</span> <span class='ocrx_word' id='word_1_20' title='bbox 1162 844 1204 911; x_wconf 85' lang='lat' dir='ltr'>in</span> <span class='ocrx_word' id='word_1_21' title='bbox 1233 859 1326 912; x_wconf 87' lang='lat' dir='ltr'>conc</span> 
     </span>
     <span class='ocr_line' id='line_1_4' title="bbox 139 930 1326 1023; baseline -0.002 -12"><span class='ocrx_word' id='word_1_22' title='bbox 139 935 190 1011; x_wconf 87' lang='lat' dir='ltr'>iio</span> <span class='ocrx_word' id='word_1_23' title='bbox 212 930 369 1006; x_wconf 84' lang='lat' dir='ltr'>Tarsensr</span> <span class='ocrx_word' id='word_1_24' title='bbox 392 953 422 1003; x_wconf 89' lang='lat' dir='ltr'>a.</span> <span class='ocrx_word' id='word_1_25' title='bbox 451 951 557 1023; x_wconf 82' lang='lat'>¹177·</span> <span class='ocrx_word' id='word_1_26' title='bbox 582 931 665 1005; x_wconf 93' lang='lat' dir='ltr'>Vid.</span> <span class='ocrx_word' id='word_1_27' title='bbox 692 931 842 1008; x_wconf 84' lang='lat' dir='ltr'>Galanua</span> <span class='ocrx_word' id='word_1_28' title='bbox 865 932 904 1007; x_wconf 90' lang='lat' dir='ltr'>in</span> <span class='ocrx_word' id='word_1_29' title='bbox 929 933 1150 1008; x_wconf 69' lang='lat' dir='ltr'><em>conciliatione</em></span> <span class='ocrx_word' id='word_1_30' title='bbox 1176 933 1326 1009; x_wconf 79' lang='lat' dir='ltr'>Ecclesr</span> 
     </span>
     <span class='ocr_line' id='line_1_5' title="bbox 141 1024 1054 1106; baseline -0.007 -2"><span class='ocrx_word' id='word_1_31' title='bbox 141 1031 302 1106; x_wconf 84' lang='lat' dir='ltr'>Graecae</span> <span class='ocrx_word' id='word_1_32' title='bbox 326 1048 362 1098; x_wconf 89' lang='lat' dir='ltr'>et</span> <span class='ocrx_word' id='word_1_33' title='bbox 388 1024 565 1098; x_wconf 87' lang='lat' dir='ltr'>Armenae</span> <span class='ocrx_word' id='word_1_34' title='bbox 591 1045 676 1099; x_wconf 88' lang='lat' dir='ltr'>tom.</span> <span class='ocrx_word' id='word_1_35' title='bbox 700 1028 729 1100; x_wconf 89' lang='lat'>1.</span> <span class='ocrx_word' id='word_1_36' title='bbox 1050 1054 1054 1060; x_wconf 93' lang='lat'><em>·</em></span> 
     </span>
    </p>

    <p class='ocr_par' dir='ltr' id='par_1_3' title="bbox 144 1120 1325 1328">
     <span class='ocr_line' id='line_1_6' title="bbox 192 1120 1325 1223; baseline 0.005 -31"><span class='ocrx_word' id='word_1_37' title='bbox 192 1124 224 1222; x_wconf 68' lang='lat' dir='ltr'>l.</span> <span class='ocrx_word' id='word_1_38' title='bbox 249 1120 410 1199; x_wconf 86' lang='lat' dir='ltr'>CXXIX.</span> <span class='ocrx_word' id='word_1_39' title='bbox 436 1120 617 1193; x_wconf 86' lang='lat' dir='ltr'>Celebrem</span> <span class='ocrx_word' id='word_1_40' title='bbox 643 1139 823 1217; x_wconf 86' lang='lat' dir='ltr'>praeterea</span> <span class='ocrx_word' id='word_1_41' title='bbox 845 1123 1018 1218; x_wconf 87' lang='lat' dir='ltr'>praestitit</span> <span class='ocrx_word' id='word_1_42' title='bbox 1043 1126 1117 1223; x_wconf 80' lang='lat' dir='ltr'>ejus</span> <span class='ocrx_word' id='word_1_43' title='bbox 1138 1120 1325 1201; x_wconf 81' lang='lat' dir='ltr'>Patriareiu</span> 
     </span>
     <span class='ocr_line' id='line_1_7' title="bbox 144 1215 1325 1328; baseline 0 -35"><span class='ocrx_word' id='word_1_44' title='bbox 144 1241 217 1297; x_wconf 90' lang='lat' dir='ltr'>tum</span> <span class='ocrx_word' id='word_1_45' title='bbox 244 1217 395 1310; x_wconf 80' lang='lat' dir='ltr'>Jacobus</span> <span class='ocrx_word' id='word_1_46' title='bbox 418 1215 672 1314; x_wconf 74' lang='lat' dir='ltr'>Barsoiibaeer‚</span> <span class='ocrx_word' id='word_1_47' title='bbox 698 1216 843 1290; x_wconf 85' lang='lat' dir='ltr'>Amidae</span> <span class='ocrx_word' id='word_1_48' title='bbox 867 1218 1081 1318; x_wconf 82' lang='lat' dir='ltr'>Episcopus,</span> <span class='ocrx_word' id='word_1_49' title='bbox 1105 1221 1150 1294; x_wconf 90' lang='lat' dir='ltr'>de</span> <span class='ocrx_word' id='word_1_50' title='bbox 1174 1242 1247 1317; x_wconf 91' lang='lat' dir='ltr'>quo</span> <span class='ocrx_word' id='word_1_51' title='bbox 1273 1240 1325 1328; x_wconf 75' lang='lat' dir='ltr'>prr</span> 
     </span>
    </p>
   </div>
   <div class='ocr_carea' id='block_1_3' title="bbox 62 1312 1325 4158">
    <p class='ocr_par' dir='ltr' id='par_1_4' title="bbox 62 1312 1325 4158">
     <span class='ocr_line' id='line_1_8' title="bbox 142 1312 1325 1413; baseline -0.003 -20"><span class='ocrx_word' id='word_1_52' title='bbox 142 1317 213 1394; x_wconf 82' lang='lat' dir='ltr'>liure</span> <span class='ocrx_word' id='word_1_53' title='bbox 235 1315 331 1405; x_wconf 87' lang='lat' dir='ltr'>egit,</span> <span class='ocrx_word' id='word_1_54' title='bbox 354 1328 391 1381; x_wconf 91' lang='lat' dir='ltr'>et</span> <span class='ocrx_word' id='word_1_55' title='bbox 416 1331 522 1405; x_wconf 88' lang='lat' dir='ltr'>opera</span> <span class='ocrx_word' id='word_1_56' title='bbox 546 1313 639 1406; x_wconf 88' lang='lat' dir='ltr'>ejus,</span> <span class='ocrx_word' id='word_1_57' title='bbox 664 1334 750 1407; x_wconf 90' lang='lat' dir='ltr'>quae</span> <span class='ocrx_word' id='word_1_58' title='bbox 774 1313 882 1384; x_wconf 90' lang='lat' dir='ltr'>multa</span> <span class='ocrx_word' id='word_1_59' title='bbox 903 1312 1000 1405; x_wconf 91' lang='lat' dir='ltr'>sunt,</span> <span class='ocrx_word' id='word_1_60' title='bbox 1025 1314 1184 1390; x_wconf 86' lang='lat' dir='ltr'>sermone</span> <span class='ocrx_word' id='word_1_61' title='bbox 1205 1316 1325 1413; x_wconf 75' lang='lat' dir='ltr'>Syriae</span> 
     </span>
     <span class='ocr_line' id='line_1_9' title="bbox 142 1404 1325 1505; baseline 0.005 -28"><span class='ocrx_word' id='word_1_62' title='bbox 142 1412 303 1505; x_wconf 74' lang='lat' dir='ltr'>elegante</span> <span class='ocrx_word' id='word_1_63' title='bbox 335 1406 550 1501; x_wconf 86' lang='lat' dir='ltr'>conscripta,</span> <span class='ocrx_word' id='word_1_64' title='bbox 590 1404 761 1479; x_wconf 81' lang='lat' dir='ltr'>recensuit</span> <span class='ocrx_word' id='word_1_65' title='bbox 789 1407 962 1484; x_wconf 79' lang='lat' dir='ltr'>Alieman.</span> <span class='ocrx_word' id='word_1_66' title='bbox 994 1412 1081 1488; x_wconf 89' lang='lat' dir='ltr'>Bibl.</span> <span class='ocrx_word' id='word_1_67' title='bbox 1105 1413 1167 1486; x_wconf 87' lang='lat' dir='ltr'>Or.</span> <span class='ocrx_word' id='word_1_68' title='bbox 1191 1410 1325 1485; x_wconf 66' lang='lat' dir='ltr'>tonui</span> 
     </span>
     <span class='ocr_line' id='line_1_10' title="bbox 145 1499 1325 1603; baseline -0.003 -22"><span class='ocrx_word' id='word_1_69' title='bbox 145 1499 290 1599; x_wconf 72' lang='lat' dir='ltr'>Scripsit</span> <span class='ocrx_word' id='word_1_70' title='bbox 313 1501 563 1575; x_wconf 83' lang='lat' dir='ltr'>commentaria</span> <span class='ocrx_word' id='word_1_71' title='bbox 586 1501 622 1574; x_wconf 90' lang='lat' dir='ltr'>irr</span> <span class='ocrx_word' id='word_1_72' title='bbox 646 1520 756 1574; x_wconf 88' lang='lat' dir='ltr'>totam</span> <span class='ocrx_word' id='word_1_73' title='bbox 782 1503 910 1599; x_wconf 88' lang='lat' dir='ltr'>Script.</span> <span class='ocrx_word' id='word_1_74' title='bbox 936 1506 991 1594; x_wconf 90' lang='lat' dir='ltr'>S.‚</span> <span class='ocrx_word' id='word_1_75' title='bbox 1025 1504 1250 1603; x_wconf 89' lang='lat' dir='ltr'>antiquorum</span> <span class='ocrx_word' id='word_1_76' title='bbox 1275 1526 1325 1602; x_wconf 80' lang='lat' dir='ltr'>prr</span> 
     </span>
     <span class='ocr_line' id='line_1_11' title="bbox 145 1592 1325 1695; baseline -0.003 -19"><span class='ocrx_word' id='word_1_77' title='bbox 145 1621 241 1676; x_wconf 83' lang='lat' dir='ltr'>mena</span> <span class='ocrx_word' id='word_1_78' title='bbox 273 1592 441 1691; x_wconf 86' lang='lat' dir='ltr'>vestigia,</span> <span class='ocrx_word' id='word_1_79' title='bbox 482 1596 569 1669; x_wconf 87' lang='lat' dir='ltr'>teste</span> <span class='ocrx_word' id='word_1_80' title='bbox 595 1596 810 1691; x_wconf 85' lang='lat' dir='ltr'>praefatione</span> <span class='ocrx_word' id='word_1_81' title='bbox 833 1602 906 1693; x_wconf 86' lang='lat' dir='ltr'>ejus</span> <span class='ocrx_word' id='word_1_82' title='bbox 937 1598 975 1671; x_wconf 87' lang='lat' dir='ltr'>in</span> <span class='ocrx_word' id='word_1_83' title='bbox 999 1601 1154 1675; x_wconf 69' lang='lat' dir='ltr'>Mamm:</span> <span class='ocrx_word' id='word_1_84' title='bbox 1193 1600 1325 1695; x_wconf 78' lang='lat' dir='ltr'>insuper</span> 
     </span>
     <span class='ocr_line' id='line_1_12' title="bbox 145 1689 1325 1794; baseline 0 -26"><span class='ocrx_word' id='word_1_85' title='bbox 145 1711 282 1794; x_wconf 85' lang='lat' dir='ltr'>praeter</span> <span class='ocrx_word' id='word_1_86' title='bbox 300 1691 385 1763; x_wconf 87' lang='lat' dir='ltr'>alios</span> <span class='ocrx_word' id='word_1_87' title='bbox 402 1692 523 1777; x_wconf 83' lang='lat' dir='ltr'>libror,</span> <span class='ocrx_word' id='word_1_88' title='bbox 549 1693 764 1784; x_wconf 77' lang='lat' dir='ltr'>anaphoram,</span> <span class='ocrx_word' id='word_1_89' title='bbox 789 1689 843 1764; x_wconf 86' lang='lat' dir='ltr'>seu</span> <span class='ocrx_word' id='word_1_90' title='bbox 861 1697 1053 1790; x_wconf 72' lang='lat' dir='ltr'>liturgiam,</span> <span class='ocrx_word' id='word_1_91' title='bbox 1077 1691 1325 1792; x_wconf 79' lang='lat' dir='ltr'>exposttionorr</span> 
     </span>
     <span class='ocr_line' id='line_1_13' title="bbox 62 1785 1325 1884; baseline 0 -20"><span class='ocrx_word' id='word_1_92' title='bbox 62 1810 65 1814; x_wconf 88' lang='grc'><em>·</em></span> <span class='ocrx_word' id='word_1_93' title='bbox 143 1810 262 1880; x_wconf 89' lang='lat' dir='ltr'>tuum,</span> <span class='ocrx_word' id='word_1_94' title='bbox 287 1809 421 1863; x_wconf 82' lang='lat' dir='ltr'>canonas</span> <span class='ocrx_word' id='word_1_95' title='bbox 439 1785 482 1857; x_wconf 90' lang='lat' dir='ltr'>de</span> <span class='ocrx_word' id='word_1_96' title='bbox 498 1787 713 1859; x_wconf 84' lang='lat' dir='ltr'>sacramento</span> <span class='ocrx_word' id='word_1_97' title='bbox 731 1787 972 1877; x_wconf 81' lang='lat' dir='ltr'>eonseffiunis3</span> <span class='ocrx_word' id='word_1_98' title='bbox 1000 1791 1091 1864; x_wconf 89' lang='lat' dir='ltr'>unde</span> <span class='ocrx_word' id='word_1_99' title='bbox 1111 1810 1233 1884; x_wconf 90' lang='lat' dir='ltr'>patet,</span> <span class='ocrx_word' id='word_1_100' title='bbox 1263 1814 1325 1864; x_wconf 91' lang='lat' dir='ltr'>aur</span> 
     </span>
     <span class='ocr_line' id='line_1_14' title="bbox 144 1879 1325 1981; baseline 0 -22"><span class='ocrx_word' id='word_1_101' title='bbox 144 1887 297 1966; x_wconf 87' lang='lat' dir='ltr'>cuiatem</span> <span class='ocrx_word' id='word_1_102' title='bbox 329 1879 576 1954; x_wconf 82' lang='lat' dir='ltr'>confeffionem</span> <span class='ocrx_word' id='word_1_103' title='bbox 609 1904 726 1952; x_wconf 88' lang='lat' dir='ltr'>coram</span> <span class='ocrx_word' id='word_1_104' title='bbox 763 1884 941 1956; x_wconf 85' lang='lat' dir='ltr'>sacerdote</span> <span class='ocrx_word' id='word_1_105' title='bbox 968 1881 1068 1958; x_wconf 84' lang='lat' dir='ltr'>suilie</span> <span class='ocrx_word' id='word_1_106' title='bbox 1104 1884 1194 1981; x_wconf 91' lang='lat' dir='ltr'>apud</span> <span class='ocrx_word' id='word_1_107' title='bbox 1222 1907 1284 1959; x_wconf 80' lang='lat' dir='ltr'>eor</span> <span class='ocrx_word' id='word_1_108' title='bbox 1318 1885 1325 1959; x_wconf 92' lang='lat' dir='ltr'>i</span> 
     </span>
     <span class='ocr_line' id='line_1_15' title="bbox 146 1973 1325 2077; baseline -0.001 -19"><span class='ocrx_word' id='word_1_109' title='bbox 146 1983 227 2059; x_wconf 92' lang='lat' dir='ltr'>usu:</span> <span class='ocrx_word' id='word_1_110' title='bbox 254 1973 476 2071; x_wconf 81' lang='lat' dir='ltr'>expoſsrionem</span> <span class='ocrx_word' id='word_1_111' title='bbox 501 1999 640 2070; x_wconf 89' lang='lat' dir='ltr'>quoque</span> <span class='ocrx_word' id='word_1_112' title='bbox 664 1973 804 2064; x_wconf 84' lang='lat' dir='ltr'>missae,</span> <span class='ocrx_word' id='word_1_113' title='bbox 829 2001 875 2051; x_wconf 83' lang='lat' dir='ltr'>ex</span> <span class='ocrx_word' id='word_1_114' title='bbox 927 2001 969 2052; x_wconf 90' lang='lat' dir='ltr'>ua</span> <span class='ocrx_word' id='word_1_115' title='bbox 993 1977 1077 2051; x_wconf 84' lang='lat' dir='ltr'>ritus</span> <span class='ocrx_word' id='word_1_116' title='bbox 1099 1981 1270 2077; x_wconf 84' lang='lat' dir='ltr'>Syrorum</span> <span class='ocrx_word' id='word_1_117' title='bbox 1295 2000 1325 2056; x_wconf 75' lang='lat' dir='ltr'>at</span> 
     </span>
     <span class='ocr_line' id='line_1_16' title="bbox 141 2002 1324 2176; baseline -0.002 -23"><span class='ocrx_word' id='word_1_118' title='bbox 141 2074 237 2176; x_wconf 67' lang='lat' dir='ltr'>⁴tiqui</span> <span class='ocrx_word' id='word_1_119' title='bbox 260 2075 301 2147; x_wconf 83' lang='lat' dir='ltr'>iu</span> <span class='ocrx_word' id='word_1_120' title='bbox 320 2070 460 2168; x_wconf 79' lang='lat' dir='ltr'>liturgia</span> <span class='ocrx_word' id='word_1_121' title='bbox 483 2071 605 2168; x_wconf 81' lang='lat' dir='ltr'>colligi</span> <span class='ocrx_word' id='word_1_122' title='bbox 640 2070 799 2166; x_wconf 81' lang='lat' dir='ltr'>poliunt,</span> <span class='ocrx_word' id='word_1_123' title='bbox 834 2092 871 2145; x_wconf 88' lang='lat' dir='ltr'>et</span> <span class='ocrx_word' id='word_1_124' title='bbox 901 2002 987 2147; x_wconf 74' lang='lat' dir='ltr'>rides</span> <span class='ocrx_word' id='word_1_125' title='bbox 1021 2095 1145 2148; x_wconf 90' lang='lat' dir='ltr'>eorum</span> <span class='ocrx_word' id='word_1_126' title='bbox 1174 2075 1220 2149; x_wconf 89' lang='lat' dir='ltr'>de</span> <span class='ocrx_word' id='word_1_127' title='bbox 1253 2094 1324 2174; x_wconf 77' lang='lat' dir='ltr'>prat</span> 
     </span>
     <span class='ocr_line' id='line_1_17' title="bbox 148 2164 1324 2249; baseline -0.003 0"><span class='ocrx_word' id='word_1_128' title='bbox 148 2170 262 2249; x_wconf 88' lang='lat' dir='ltr'>sentia</span> <span class='ocrx_word' id='word_1_129' title='bbox 288 2165 418 2243; x_wconf 88' lang='lat' dir='ltr'>Christi</span> <span class='ocrx_word' id='word_1_130' title='bbox 442 2166 480 2240; x_wconf 88' lang='lat' dir='ltr'>in</span> <span class='ocrx_word' id='word_1_131' title='bbox 504 2164 709 2242; x_wconf 83' lang='lat' dir='ltr'>eucharistia</span> <span class='ocrx_word' id='word_1_132' title='bbox 732 2168 923 2242; x_wconf 88' lang='lat' dir='ltr'>luculenter</span> <span class='ocrx_word' id='word_1_133' title='bbox 954 2170 1126 2245; x_wconf 88' lang='lat' dir='ltr'>elucescit.</span> <span class='ocrx_word' id='word_1_134' title='bbox 1177 2170 1279 2244; x_wconf 86' lang='lat' dir='ltr'>Inter</span> <span class='ocrx_word' id='word_1_135' title='bbox 1308 2190 1324 2244; x_wconf 89' lang='lat' dir='ltr'>r</span> 
     </span>
     <span class='ocr_line' id='line_1_18' title="bbox 150 2261 1324 2354; baseline -0.003 -10"><span class='ocrx_word' id='word_1_136' title='bbox 150 2288 205 2344; x_wconf 84' lang='lat' dir='ltr'>tus</span> <span class='ocrx_word' id='word_1_137' title='bbox 230 2266 371 2340; x_wconf 76' lang='lat' dir='ltr'>usitatos</span> <span class='ocrx_word' id='word_1_138' title='bbox 395 2264 483 2335; x_wconf 89' lang='lat' dir='ltr'>sunt.</span> <span class='ocrx_word' id='word_1_139' title='bbox 538 2285 569 2334; x_wconf 88' lang='lat'>1.</span> <span class='ocrx_word' id='word_1_140' title='bbox 594 2261 781 2335; x_wconf 88' lang='lat' dir='ltr'>hostiarum</span> <span class='ocrx_word' id='word_1_141' title='bbox 806 2284 1006 2354; x_wconf 89' lang='lat' dir='ltr'>numerum,</span> <span class='ocrx_word' id='word_1_142' title='bbox 1032 2265 1092 2340; x_wconf 89' lang='lat' dir='ltr'>nisr</span> <span class='ocrx_word' id='word_1_143' title='bbox 1117 2263 1158 2339; x_wconf 78' lang='lat' dir='ltr'>fit</span> <span class='ocrx_word' id='word_1_144' title='bbox 1184 2264 1324 2340; x_wconf 71' lang='lat' dir='ltr'>binaria:</span> 
     </span>
     <span class='ocr_line' id='line_1_19' title="bbox 146 2355 1324 2458; baseline 0.002 -23"><span class='ocrx_word' id='word_1_145' title='bbox 146 2363 272 2435; x_wconf 85' lang='lat' dir='ltr'>debere</span> <span class='ocrx_word' id='word_1_146' title='bbox 297 2356 367 2428; x_wconf 88' lang='lat' dir='ltr'>esse</span> <span class='ocrx_word' id='word_1_147' title='bbox 389 2357 567 2448; x_wconf 90' lang='lat' dir='ltr'>inparem,</span> <span class='ocrx_word' id='word_1_148' title='bbox 601 2359 638 2427; x_wconf 90' lang='lat' dir='ltr'>in</span> <span class='ocrx_word' id='word_1_149' title='bbox 663 2355 795 2450; x_wconf 85' lang='lat' dir='ltr'>srgrrum</span> <span class='ocrx_word' id='word_1_150' title='bbox 822 2358 1019 2435; x_wconf 84' lang='lat' dir='ltr'>Trinitatis.</span> <span class='ocrx_word' id='word_1_151' title='bbox 1072 2383 1104 2434; x_wconf 89' lang='lat'>2.</span> <span class='ocrx_word' id='word_1_152' title='bbox 1130 2380 1256 2458; x_wconf 89' lang='lat' dir='ltr'>panem</span> <span class='ocrx_word' id='word_1_153' title='bbox 1282 2361 1324 2438; x_wconf 81' lang='lat' dir='ltr'>es</span> 
     </span>
     <span class='ocr_line' id='line_1_20' title="bbox 146 2448 1324 2545; baseline 0.003 -17"><span class='ocrx_word' id='word_1_154' title='bbox 146 2456 417 2536; x_wconf 82' lang='lat' dir='ltr'>fermentatum,</span> <span class='ocrx_word' id='word_1_155' title='bbox 450 2448 516 2518; x_wconf 88' lang='lat' dir='ltr'>saie</span> <span class='ocrx_word' id='word_1_156' title='bbox 542 2471 680 2544; x_wconf 90' lang='lat' dir='ltr'>quoque</span> <span class='ocrx_word' id='word_1_157' title='bbox 708 2471 744 2522; x_wconf 89' lang='lat' dir='ltr'>et</span> <span class='ocrx_word' id='word_1_158' title='bbox 769 2452 849 2523; x_wconf 91' lang='lat' dir='ltr'>oleo</span> <span class='ocrx_word' id='word_1_159' title='bbox 883 2454 1054 2545; x_wconf 86' lang='lat' dir='ltr'>mixtum,</span> <span class='ocrx_word' id='word_1_160' title='bbox 1088 2477 1153 2529; x_wconf 87' lang='lat' dir='ltr'>nec</span> <span class='ocrx_word' id='word_1_161' title='bbox 1186 2478 1262 2530; x_wconf 87' lang='lat' dir='ltr'>nou</span> <span class='ocrx_word' id='word_1_162' title='bbox 1298 2479 1324 2532; x_wconf 76' lang='lat' dir='ltr'>rt</span> 
     </span>
     <span class='ocr_line' id='line_1_21' title="bbox 144 2539 1324 2644; baseline 0.003 -21"><span class='ocrx_word' id='word_1_163' title='bbox 144 2567 289 2624; x_wconf 87' lang='lat' dir='ltr'>centem</span> <span class='ocrx_word' id='word_1_164' title='bbox 314 2560 351 2613; x_wconf 91' lang='lat' dir='ltr'>et</span> <span class='ocrx_word' id='word_1_165' title='bbox 378 2539 628 2636; x_wconf 84' lang='lat' dir='ltr'>quotidianum.</span> <span class='ocrx_word' id='word_1_166' title='bbox 682 2568 714 2638; x_wconf 83' lang='lat'>3.</span> <span class='ocrx_word' id='word_1_167' title='bbox 739 2547 987 2622; x_wconf 85' lang='lat' dir='ltr'>Eucharistiam</span> <span class='ocrx_word' id='word_1_168' title='bbox 1013 2549 1118 2624; x_wconf 89' lang='lat' dir='ltr'>semel</span> <span class='ocrx_word' id='word_1_169' title='bbox 1142 2550 1179 2625; x_wconf 89' lang='lat' dir='ltr'>in</span> <span class='ocrx_word' id='word_1_170' title='bbox 1203 2551 1266 2644; x_wconf 82' lang='lat' dir='ltr'>die</span> <span class='ocrx_word' id='word_1_171' title='bbox 1298 2549 1324 2628; x_wconf 89' lang='lat' dir='ltr'>st</span> 
     </span>
     <span class='ocr_line' id='line_1_22' title="bbox 146 2635 1324 2743; baseline 0.008 -29"><span class='ocrx_word' id='word_1_172' title='bbox 146 2666 210 2743; x_wconf 91' lang='lat' dir='ltr'>per</span> <span class='ocrx_word' id='word_1_173' title='bbox 241 2659 312 2712; x_wconf 90' lang='lat' dir='ltr'>uno</span> <span class='ocrx_word' id='word_1_174' title='bbox 345 2636 440 2708; x_wconf 86' lang='lat' dir='ltr'>altari</span> <span class='ocrx_word' id='word_1_175' title='bbox 477 2635 545 2709; x_wconf 85' lang='lat' dir='ltr'>ess&#39;e</span> <span class='ocrx_word' id='word_1_176' title='bbox 576 2640 834 2729; x_wconf 84' lang='lat' dir='ltr'>celebrandam,</span> <span class='ocrx_word' id='word_1_177' title='bbox 865 2662 902 2714; x_wconf 89' lang='lat' dir='ltr'>et</span> <span class='ocrx_word' id='word_1_178' title='bbox 934 2667 953 2716; x_wconf 91' lang='lat' dir='ltr'>a</span> <span class='ocrx_word' id='word_1_179' title='bbox 980 2644 1108 2742; x_wconf 87' lang='lat' dir='ltr'>jejunis</span> <span class='ocrx_word' id='word_1_180' title='bbox 1140 2644 1324 2722; x_wconf 80' lang='lat' dir='ltr'>sumendae</span> 
     </span>
     <span class='ocr_line' id='line_1_23' title="bbox 147 2733 1324 2832; baseline 0.008 -22"><span class='ocrx_word' id='word_1_181' title='bbox 147 2764 183 2832; x_wconf 86' lang='lat'>4.</span> <span class='ocrx_word' id='word_1_182' title='bbox 215 2733 427 2820; x_wconf 86' lang='lat' dir='ltr'>Stationem,</span> <span class='ocrx_word' id='word_1_183' title='bbox 461 2751 498 2802; x_wconf 89' lang='lat' dir='ltr'>et</span> <span class='ocrx_word' id='word_1_184' title='bbox 532 2752 601 2805; x_wconf 91' lang='lat' dir='ltr'>non</span> <span class='ocrx_word' id='word_1_185' title='bbox 635 2736 939 2830; x_wconf 85' lang='lat' dir='ltr'>genuflexionem,</span> <span class='ocrx_word' id='word_1_186' title='bbox 981 2747 1019 2813; x_wconf 89' lang='lat' dir='ltr'>in</span> <span class='ocrx_word' id='word_1_187' title='bbox 1050 2739 1146 2815; x_wconf 79' lang='lat' dir='ltr'>milia</span> <span class='ocrx_word' id='word_1_188' title='bbox 1176 2743 1324 2819; x_wconf 81' lang='lat' dir='ltr'>obtineo</span> 
     </span>
     <span class='ocr_line' id='line_1_24' title="bbox 147 2826 1324 2936; baseline 0.003 -29"><span class='ocrx_word' id='word_1_189' title='bbox 147 2832 271 2936; x_wconf 86' lang='lat' dir='ltr'>Quoad</span> <span class='ocrx_word' id='word_1_190' title='bbox 309 2827 432 2914; x_wconf 88' lang='lat' dir='ltr'>fidem,-</span> <span class='ocrx_word' id='word_1_191' title='bbox 468 2826 727 2920; x_wconf 80' lang='lat' dir='ltr'>impanationem</span> <span class='ocrx_word' id='word_1_192' title='bbox 758 2827 935 2906; x_wconf 78' lang='lat' dir='ltr'>manifeste</span> <span class='ocrx_word' id='word_1_193' title='bbox 967 2835 1097 2925; x_wconf 89' lang='lat' dir='ltr'>tenuit,</span> <span class='ocrx_word' id='word_1_194' title='bbox 1131 2835 1219 2910; x_wconf 87' lang='lat' dir='ltr'>ficut</span> <span class='ocrx_word' id='word_1_195' title='bbox 1244 2839 1324 2912; x_wconf 70' lang='lat' dir='ltr'>Grai</span> 
     </span>
     <span class='ocr_line' id='line_1_25' title="bbox 147 2923 1323 3023; baseline 0.004 -17"><span class='ocrx_word' id='word_1_196' title='bbox 147 2937 183 3006; x_wconf 89' lang='lat' dir='ltr'>ci</span> <span class='ocrx_word' id='word_1_197' title='bbox 207 2950 244 3003; x_wconf 88' lang='lat' dir='ltr'>er</span> <span class='ocrx_word' id='word_1_198' title='bbox 275 2927 427 2999; x_wconf 86' lang='lat' dir='ltr'>Veteres</span> <span class='ocrx_word' id='word_1_199' title='bbox 459 2945 598 3007; x_wconf 82' lang='lat' dir='ltr'>omnes.</span> <span class='ocrx_word' id='word_1_200' title='bbox 634 2923 726 2997; x_wconf 90' lang='lat' dir='ltr'>srmnl</span> <span class='ocrx_word' id='word_1_201' title='bbox 752 2923 905 3000; x_wconf 87' lang='lat' dir='ltr'>dilucide</span> <span class='ocrx_word' id='word_1_202' title='bbox 930 2930 1109 3023; x_wconf 82' lang='lat' dir='ltr'>exposuitr</span> <span class='ocrx_word' id='word_1_203' title='bbox 1134 2947 1170 3004; x_wconf 84' lang='lat' dir='ltr'>ar</span> <span class='ocrx_word' id='word_1_204' title='bbox 1194 2957 1323 3010; x_wconf 81' lang='lat' dir='ltr'>carnem</span> 
     </span>
     <span class='ocr_line' id='line_1_26' title="bbox 148 3017 1323 3119; baseline 0.009 -25"><span class='ocrx_word' id='word_1_205' title='bbox 148 3029 237 3099; x_wconf 88' lang='lat' dir='ltr'>haec</span> <span class='ocrx_word' id='word_1_206' title='bbox 259 3020 331 3111; x_wconf 87' lang='lat' dir='ltr'>ejus</span> <span class='ocrx_word' id='word_1_207' title='bbox 363 3021 458 3090; x_wconf 88' lang='lat' dir='ltr'>inter</span> <span class='ocrx_word' id='word_1_208' title='bbox 490 3017 552 3091; x_wconf 84' lang='lat' dir='ltr'>alia</span> <span class='ocrx_word' id='word_1_209' title='bbox 578 3021 653 3093; x_wconf 89' lang='lat' dir='ltr'>sunt</span> <span class='ocrx_word' id='word_1_210' title='bbox 683 3022 807 3108; x_wconf 86' lang='lat' dir='ltr'>verba,</span> <span class='ocrx_word' id='word_1_211' title='bbox 839 3026 892 3097; x_wconf 87' lang='lat' dir='ltr'>cui</span> <span class='ocrx_word' id='word_1_212' title='bbox 916 3023 1007 3097; x_wconf 87' lang='lat' dir='ltr'>Deus</span> <span class='ocrx_word' id='word_1_213' title='bbox 1030 3030 1140 3099; x_wconf 83' lang='lat' dir='ltr'>unitur</span> <span class='ocrx_word' id='word_1_214' title='bbox 1153 3025 1255 3119; x_wconf 76' lang='lat' dir='ltr'>suit,</span> <span class='ocrx_word' id='word_1_215' title='bbox 1286 3033 1323 3104; x_wconf 80' lang='lat' dir='ltr'>de</span> 
     </span>
     <span class='ocr_line' id='line_1_27' title="bbox 141 3111 1323 3218; baseline 0.008 -28"><span class='ocrx_word' id='word_1_216' title='bbox 141 3120 280 3218; x_wconf 67' lang='lat' dir='ltr'>sicarie,</span> <span class='ocrx_word' id='word_1_217' title='bbox 306 3111 468 3206; x_wconf 81' lang='lat' dir='ltr'>Deumque</span> <span class='ocrx_word' id='word_1_218' title='bbox 484 3137 555 3184; x_wconf 86' lang='lat' dir='ltr'>eom</span> <span class='ocrx_word' id='word_1_219' title='bbox 566 3115 678 3207; x_wconf 76' lang='lat' dir='ltr'>fecit,</span> <span class='ocrx_word' id='word_1_220' title='bbox 705 3141 765 3189; x_wconf 85' lang='lat' dir='ltr'>non</span> <span class='ocrx_word' id='word_1_221' title='bbox 782 3121 901 3210; x_wconf 79' lang='lat' dir='ltr'>quidem</span> <span class='ocrx_word' id='word_1_222' title='bbox 917 3137 1056 3211; x_wconf 83' lang='lat' dir='ltr'>natura,</span> <span class='ocrx_word' id='word_1_223' title='bbox 1072 3120 1137 3216; x_wconf 83' lang='lat' dir='ltr'>sed</span> <span class='ocrx_word' id='word_1_224' title='bbox 1151 3116 1323 3216; x_wconf 72' lang='lat' dir='ltr'>operuerim</span> 
     </span>
     <span class='ocr_line' id='line_1_28' title="bbox 146 3211 1323 3327; baseline 0.013 -48"><span class='ocrx_word' id='word_1_225' title='bbox 146 3223 198 3295; x_wconf 69' lang='lat' dir='ltr'>lta</span> <span class='ocrx_word' id='word_1_226' title='bbox 222 3227 253 3283; x_wconf 81' lang='lat' dir='ltr'>er</span> <span class='ocrx_word' id='word_1_227' title='bbox 278 3225 406 3300; x_wconf 85' lang='lat' dir='ltr'>corpus,</span> <span class='ocrx_word' id='word_1_228' title='bbox 431 3211 511 3301; x_wconf 83' lang='lat' dir='ltr'>quod</span> <span class='ocrx_word' id='word_1_229' title='bbox 533 3211 782 3300; x_wconf 76' lang='lat' dir='ltr'>innodarentur,</span> <span class='ocrx_word' id='word_1_230' title='bbox 812 3211 916 3306; x_wconf 73' lang='lat' dir='ltr'>ellone</span> <span class='ocrx_word' id='word_1_231' title='bbox 946 3215 1026 3287; x_wconf 86' lang='lat' dir='ltr'>illud</span> <span class='ocrx_word' id='word_1_232' title='bbox 1054 3219 1133 3312; x_wconf 81' lang='lat' dir='ltr'>quod</span> <span class='ocrx_word' id='word_1_233' title='bbox 1157 3241 1200 3290; x_wconf 79' lang='lat' dir='ltr'>ee</span> <span class='ocrx_word' id='word_1_234' title='bbox 1224 3224 1323 3327; x_wconf 58' lang='lat' dir='ltr'>virgin</span> 
     </span>
     <span class='ocr_line' id='line_1_29' title="bbox 148 3305 1323 3402; baseline 0.007 -19"><span class='ocrx_word' id='word_1_235' title='bbox 148 3325 260 3387; x_wconf 81' lang='lat' dir='ltr'>notum</span> <span class='ocrx_word' id='word_1_236' title='bbox 277 3305 341 3396; x_wconf 76' lang='lat' dir='ltr'>est,</span> <span class='ocrx_word' id='word_1_237' title='bbox 367 3325 426 3374; x_wconf 85' lang='lat' dir='ltr'>uon</span> <span class='ocrx_word' id='word_1_238' title='bbox 441 3307 569 3396; x_wconf 82' lang='lat' dir='ltr'>quidem</span> <span class='ocrx_word' id='word_1_239' title='bbox 587 3320 726 3396; x_wconf 79' lang='lat' dir='ltr'>notura,</span> <span class='ocrx_word' id='word_1_240' title='bbox 741 3305 806 3402; x_wconf 83' lang='lat' dir='ltr'>sed</span> <span class='ocrx_word' id='word_1_241' title='bbox 830 3311 1031 3385; x_wconf 71' lang='lat' dir='ltr'>amorreum</span> <span class='ocrx_word' id='word_1_242' title='bbox 1056 3316 1149 3385; x_wconf 77' lang='lat' dir='ltr'>norbo</span> <span class='ocrx_word' id='word_1_243' title='bbox 1171 3313 1272 3396; x_wconf 71' lang='lat' dir='ltr'>Deor</span> <span class='ocrx_word' id='word_1_244' title='bbox 1288 3338 1323 3401; x_wconf 77' lang='lat' dir='ltr'>nt</span> 
     </span>
     <span class='ocr_line' id='line_1_30' title="bbox 149 3395 1323 3509; baseline 0.001 -26"><span class='ocrx_word' id='word_1_245' title='bbox 149 3407 218 3483; x_wconf 83' lang='lat' dir='ltr'>alio</span> <span class='ocrx_word' id='word_1_246' title='bbox 251 3395 347 3473; x_wconf 90' lang='lat' dir='ltr'>sensu</span> <span class='ocrx_word' id='word_1_247' title='bbox 376 3397 467 3507; x_wconf 84' lang='lat' dir='ltr'>dixit</span> <span class='ocrx_word' id='word_1_248' title='bbox 478 3453 495 3509; x_wconf 80' lang='lat'>⁹.</span> <span class='ocrx_word' id='word_1_249' title='bbox 520 3420 647 3496; x_wconf 84' lang='lat' dir='ltr'>panem</span> <span class='ocrx_word' id='word_1_250' title='bbox 678 3420 715 3474; x_wconf 87' lang='lat' dir='ltr'>et</span> <span class='ocrx_word' id='word_1_251' title='bbox 745 3400 867 3477; x_wconf 90' lang='lat' dir='ltr'>vinum</span> <span class='ocrx_word' id='word_1_252' title='bbox 895 3405 1064 3482; x_wconf 84' lang='lat' dir='ltr'>converti·</span> <span class='ocrx_word' id='word_1_253' title='bbox 1090 3408 1127 3491; x_wconf 84' lang='lat' dir='ltr'>in</span> <span class='ocrx_word' id='word_1_254' title='bbox 1156 3429 1323 3505; x_wconf 64' lang='lat' dir='ltr'>torpunt</span> 
     </span>
     <span class='ocr_line' id='line_1_31' title="bbox 147 3491 1323 3595; baseline 0.01 -24"><span class='ocrx_word' id='word_1_255' title='bbox 147 3495 347 3595; x_wconf 83' lang='lat' dir='ltr'>sanguinem</span> <span class='ocrx_word' id='word_1_256' title='bbox 369 3491 508 3569; x_wconf 77' lang='lat' dir='ltr'>Christo.</span> <span class='ocrx_word' id='word_1_257' title='bbox 560 3495 672 3590; x_wconf 73' lang='lat' dir='ltr'>Quam</span> <span class='ocrx_word' id='word_1_258' title='bbox 701 3497 845 3574; x_wconf 82' lang='lat' dir='ltr'>eandem</span> <span class='ocrx_word' id='word_1_259' title='bbox 870 3499 1082 3585; x_wconf 75' lang='lat' dir='ltr'>inurentem</span> <span class='ocrx_word' id='word_1_260' title='bbox 1106 3498 1323 3583; x_wconf 67' lang='lat' dir='ltr'>dieculam</span> 
     </span>
     <span class='ocr_line' id='line_1_32' title="bbox 147 3589 1323 3696; baseline 0.01 -30"><span class='ocrx_word' id='word_1_261' title='bbox 147 3615 273 3696; x_wconf 71' lang='lat' dir='ltr'>nymur</span> <span class='ocrx_word' id='word_1_262' title='bbox 300 3592 403 3685; x_wconf 79' lang='lat' dir='ltr'>Syrus</span> <span class='ocrx_word' id='word_1_263' title='bbox 433 3590 522 3684; x_wconf 88' lang='lat' dir='ltr'>apud</span> <span class='ocrx_word' id='word_1_264' title='bbox 556 3589 729 3669; x_wconf 85' lang='lat' dir='ltr'>Assemau.</span> <span class='ocrx_word' id='word_1_265' title='bbox 759 3594 841 3671; x_wconf 86' lang='lat' dir='ltr'>ibid.</span> <span class='ocrx_word' id='word_1_266' title='bbox 872 3619 907 3690; x_wconf 90' lang='lat' dir='ltr'>p.</span> <span class='ocrx_word' id='word_1_267' title='bbox 938 3619 1039 3686; x_wconf 75' lang='lat' dir='ltr'>roa,</span> <span class='ocrx_word' id='word_1_268' title='bbox 1078 3597 1166 3671; x_wconf 89' lang='lat' dir='ltr'>adeo</span> <span class='ocrx_word' id='word_1_269' title='bbox 1197 3620 1238 3674; x_wconf 85' lang='lat' dir='ltr'>ue</span> <span class='ocrx_word' id='word_1_270' title='bbox 1266 3602 1323 3679; x_wconf 74' lang='lat' dir='ltr'>ue</span> 
     </span>
     <span class='ocr_line' id='line_1_33' title="bbox 147 3685 1323 3791; baseline 0.014 -35"><span class='ocrx_word' id='word_1_271' title='bbox 147 3699 192 3771; x_wconf 77' lang='lat' dir='ltr'>de</span> <span class='ocrx_word' id='word_1_272' title='bbox 209 3693 395 3783; x_wconf 85' lang='lat' dir='ltr'>Syrorum,</span> <span class='ocrx_word' id='word_1_273' title='bbox 414 3703 451 3791; x_wconf 78' lang='lat' dir='ltr'>et</span> <span class='ocrx_word' id='word_1_274' title='bbox 469 3685 726 3778; x_wconf 85' lang='lat' dir='ltr'>Jacobitarum,</span> <span class='ocrx_word' id='word_1_275' title='bbox 746 3707 784 3760; x_wconf 85' lang='lat' dir='ltr'>et</span> <span class='ocrx_word' id='word_1_276' title='bbox 800 3689 1063 3779; x_wconf 76' lang='lat' dir='ltr'>catholicorum,</span> <span class='ocrx_word' id='word_1_277' title='bbox 1075 3693 1246 3774; x_wconf 84' lang='lat' dir='ltr'>sententie</span> <span class='ocrx_word' id='word_1_278' title='bbox 1261 3699 1323 3785; x_wconf 62' lang='lat' dir='ltr'>elur</span> 
     </span>
     <span class='ocr_line' id='line_1_34' title="bbox 145 3779 1323 3882; baseline -0.003 -15"><span class='ocrx_word' id='word_1_279' title='bbox 145 3782 291 3867; x_wconf 89' lang='lat' dir='ltr'>constet.</span> <span class='ocrx_word' id='word_1_280' title='bbox 340 3779 500 3871; x_wconf 86' lang='lat' dir='ltr'>Demque</span> <span class='ocrx_word' id='word_1_281' title='bbox 524 3802 568 3852; x_wconf 86' lang='lat' dir='ltr'>eu</span> <span class='ocrx_word' id='word_1_282' title='bbox 590 3783 713 3854; x_wconf 89' lang='lat' dir='ltr'>eodem</span> <span class='ocrx_word' id='word_1_283' title='bbox 739 3781 952 3858; x_wconf 88' lang='lat' dir='ltr'>Barsalibaeo</span> <span class='ocrx_word' id='word_1_284' title='bbox 976 3786 1150 3882; x_wconf 81' lang='lat' dir='ltr'>putescit,¹</span> <span class='ocrx_word' id='word_1_285' title='bbox 1167 3793 1323 3876; x_wconf 73' lang='lat' dir='ltr'>couleen</span> 
     </span>
     <span class='ocr_line' id='line_1_35' title="bbox 145 3877 1322 3985; baseline 0.003 -24"><span class='ocrx_word' id='word_1_286' title='bbox 145 3887 302 3965; x_wconf 86' lang='lat' dir='ltr'>tionem,</span> <span class='ocrx_word' id='word_1_287' title='bbox 341 3893 411 3945; x_wconf 89' lang='lat' dir='ltr'>non</span> <span class='ocrx_word' id='word_1_288' title='bbox 442 3888 574 3945; x_wconf 88' lang='lat' dir='ltr'>tantum</span> <span class='ocrx_word' id='word_1_289' title='bbox 599 3896 662 3966; x_wconf 86' lang='lat' dir='ltr'>per</span> <span class='ocrx_word' id='word_1_290' title='bbox 687 3877 838 3972; x_wconf 84' lang='lat' dir='ltr'>quinque</span> <span class='ocrx_word' id='word_1_291' title='bbox 868 3882 1044 3965; x_wconf 81' lang='lat' dir='ltr'>notilllmu</span> <span class='ocrx_word' id='word_1_292' title='bbox 1066 3883 1198 3959; x_wconf 73' lang='lat' dir='ltr'>Christi·</span> <span class='ocrx_word' id='word_1_293' title='bbox 1223 3892 1322 3985; x_wconf 54' lang='lat' dir='ltr'>vernt</span> 
     </span>
     <span class='ocr_line' id='line_1_36' title="bbox 143 3968 1322 4078; baseline 0.008 -31"><span class='ocrx_word' id='word_1_294' title='bbox 143 3982 202 4066; x_wconf 72' lang='lat' dir='ltr'>sed</span> <span class='ocrx_word' id='word_1_295' title='bbox 227 3995 292 4078; x_wconf 86' lang='lat' dir='ltr'>pen</span> <span class='ocrx_word' id='word_1_296' title='bbox 314 3970 551 4044; x_wconf 72' lang='lat' dir='ltr'>invocationem-</span> <span class='ocrx_word' id='word_1_297' title='bbox 568 3968 719 4068; x_wconf 79' lang='lat' dir='ltr'>spiritua</span> <span class='ocrx_word' id='word_1_298' title='bbox 742 3971 798 4064; x_wconf 84' lang='lat' dir='ltr'>S.‚</span> <span class='ocrx_word' id='word_1_299' title='bbox 822 3971 921 4050; x_wconf 78' lang='lat' dir='ltr'>suille</span> <span class='ocrx_word' id='word_1_300' title='bbox 939 3981 1135 4077; x_wconf 60' lang='lat' dir='ltr'>paceium,</span> <span class='ocrx_word' id='word_1_301' title='bbox 1160 3980 1322 4066; x_wconf 72' lang='lat' dir='ltr'>sionnam</span> 
     </span>
     <span class='ocr_line' id='line_1_37' title="bbox 131 4104 1322 4158; baseline 0.008 -43"><span class='ocrx_word' id='word_1_302' title='bbox 131 4110 134 4115; x_wconf 74' lang='grc'><strong><em>,</em></strong></span> <span class='ocrx_word' id='word_1_303' title='bbox 710 4136 715 4144; x_wconf 22' lang='grc' dir='ltr'>Ι</span> <span class='ocrx_word' id='word_1_304' title='bbox 1293 4104 1322 4158; x_wconf 56' lang='lat' dir='ltr'>n,</span> 
     </span>
    </p>
   </div>
   <div class='ocr_carea' id='block_1_4' title="bbox 0 0 1517 4806">
    <p class='ocr_par' dir='ltr' id='par_1_5' title="bbox 0 0 1517 4806">
     <span class='ocr_line' id='line_1_38' title="bbox 0 0 1517 4806; baseline 0 0"><span class='ocrx_word' id='word_1_305' title='bbox 0 0 1517 4806; x_wconf 95' lang='lat' dir='ltr'> </span> 
     </span>
    </p>
   </div>
  </div>
 </body>
</html>
