3022 4806
638 609 746 681 Serus.
773 606 880 679 lllll.

135 779 213 857 sert
237 779 276 854 in
303 779 449 878 epistola
472 783 514 856 ad
536 785 565 858 la
583 786 714 872 Croze,
740 783 777 856 in
796 781 955 856 thesauro
971 776 1201 875 Epistularum
1225 777 1254 848 la
1271 778 1358 849 Cro·

135 878 244 952 ziauo
269 895 359 954 tom.
384 880 432 953 ll.
485 881 647 975 Disputat
673 899 792 953 autem
817 900 861 949 eo
882 878 920 951 in
943 880 1034 950 libro
1058 895 1182 947 contra
1207 871 1359 967 Judaeos

139 995 188 1046 ex
211 970 294 1069 ipsis
315 996 436 1048 eorum
462 978 721 1063 monumentis,
761 994 800 1047 ut
824 974 917 1046 viam
945 974 986 1046 ad
1015 992 1137 1044 eorum
1163 966 1356 1040 conversio·

141 1088 227 1141 nem
252 1065 393 1145 sternat,
444 1071 616 1166 Adjunxit
640 1072 724 1146 huic
748 1071 848 1166 operi
869 1067 988 1142 notras
1015 1066 1275 1138 observationes
1301 1063 1359 1157 Ja-

139 1166 254 1241 cobus
277 1161 321 1235 de
345 1165 491 1255 Voisrn,
514 1165 773 1262 Burdegalensn
797 1166 866 1238 sec.
892 1164 1039 1249 XVll.;
1065 1180 1104 1233 et
1128 1161 1260 1255 optima
1284 1156 1359 1230 edi·

141 1257 198 1333 tio
224 1255 273 1331 est
295 1258 540 1356 Capzoviana,
581 1285 663 1336 cum
687 1261 823 1336 erudita
850 1256 1111 1333 introdublione
1137 1257 1175 1331 in
1202 1255 1360 1327 Theolo-

139 1354 240 1453 giam
259 1351 464 1520 Hudaicam.
520 1359 648 1431 Ortum
681 1379 768 1430 vero
799 1354 850 1429 ell
884 1357 954 1427 hoc
985 1374 1099 1426 rerum
1132 1351 1357 1447 Judaicarum

138 1470 259 1547 cogno
273 1450 461 1527 cendarum
488 1449 658 1540 studium,
696 1472 830 1540 exeo,
863 1451 957 1546 quod
983 1448 1121 1545 ludaeis
1143 1464 1357 1520 converten-

142 1545 201 1619 dis
224 1543 296 1617 hoc
312 1543 431 1620 seculo
454 1570 595 1644 operam
623 1547 784 1620 dederint
807 1544 936 1620 ordinis
959 1544 1243 1616 Praedicatnrum
1266 1538 1357 1628 virle,

140 1659 184 1717 et
197 1636 343 1736 Judaei,
366 1644 553 1718 autoritate
569 1645 709 1740 Regum
737 1640 918 1730 castellae,
942 1637 1052 1713 coabli
1077 1635 1206 1710 suerint
1237 1654 1359 1710 eorum

144 1732 373 1831 concionibus
396 1757 519 1813 contra
543 1738 693 1834 judaeos
720 1737 900 1825 interesse,
941 1756 1009 1809 nec
1040 1755 1109 1806 non
1142 1734 1250 1806 libros
1282 1733 1359 1806 suot

142 1852 271 1905 omnes
293 1851 374 1904 cum
401 1831 446 1908 iia
466 1834 735 1908 communicare.
787 1833 869 1930 Quo
892 1833 963 1906 fine
981 1829 1163 1902 Honorius
1181 1829 1249 1902 lV.
1266 1830 1358 1922 Papa

143 1923 283 2001 Pariliir
308 1948 448 2039 quoque
469 1927 664 2003 introduxit
695 1925 952 2003 institutionem
977 1925 1174 2021 linguarum
1200 1924 1359 1998 Oricum·

141 2022 252 2110 lium,
293 2039 348 2093 ut.
370 2045 446 2118 eJua
477 2022 614 2098 litterae
651 2028 744 2121 apud
779 2022 910 2097 Wadin
938 2045 995 2095 um
1028 2023 1158 2094 habent
1189 2042 1219 2093 a.
1250 2027 1357 2111 1278·
1487 2075 1491 2083 -

140 2118 310 2193 Ceterum
334 2137 378 2191 ex
402 2116 553 2193 Martini
577 2116 666 2193 libro
690 2117 897 2192 omniasum
912 2139 941 2189 rt
965 2115 1159 2187 Porcbetur
1181 2115 1218 2186 in
1247 2115 1357 2187 Villo·

143 2216 201 2286 rin
222 2210 282 2287 sua
304 2208 467 2287 adversus
489 2213 662 2312 Judaeor,
695 2213 752 2287 sed
775 2212 882 2286 citato
904 2226 1026 2284 autore
1049 2208 1129 2296 suo;
1169 2227 1267 2281 utet
1291 2211 1359 2283 ae·

144 2304 422 2479 tiurlGalatiuur
441 2309 486 2384 de
508 2315 642 2385 arcanis
669 2311 853 2385 Catholicae
875 2308 1047 2394 veritatir,
1073 2302 1193 2378 sedeo
1217 2303 1357 2381 silentio

141 2420 319 2479 mvouto.
660 2423 663 2427 ’
1251 2456 1254 2461 .
1347 2438 1353 2457 ·

191 2497 226 2599 5.
255 2496 456 2575 CXLVIII.
487 2501 639 2576 Primum
663 2501 759 2577 inter
776 2499 1009 2578 scholasticos
1034 2501 1151 2574 locum
1178 2497 1269 2574 baud
1286 2518 1359 2573 uno

144 2592 293 2673 nomine
306 2600 470 2670 'meretur
493 2598 649 2671 Albertus
673 2602 840 2693 Magnus,
865 2594 1065 2688 indictus,
1091 2599 1149 2669 vel
1176 2593 1267 2692 quod
1290 2616 1356 2668 no·

146 2712 225 2765 men
247 2688 357 2764 fuerit
388 2687 563 2784 familiae,
602 2692 691 2767 ficut
720 2693 923 2768 Ludovicus
954 2692 1071 2765 Vivet
1088 2714 1179 2765 eum
1206 2689 1358 2785 adpellat

149 2786 306 2876 Gratum,
344 2782 400 2856 vel
424 2790 519 2882 quod
543 2788 700 2863 eruditio
722 2807 760 2860 et
784 2789 876 2863 sama
909 2785 973 2883 ipsi
1006 2786 1101 2869 bunc
1125 2787 1265 2859 titulum
1289 2800 1357 2878 pei

147 2882 290 2979 pererit.
340 2879 499 2955 Natione
523 2883 590 2957 suit
616 2884 829 2975 Germanus,
869 2884 929 2956 seu
954 2881 1181 2976 Lavingensis
1203 2881 1357 2970 Snevur,·

150 3000 194 3051 ex
216 2972 331 3050 nobili
352 2972 556 3069 stemmate,
595 2996 631 3052 et
660 2979 869 3071 professione
897 2976 1029 3050 ordinis
1059 2975 1357 3053 Praedicatorurm
1472 3048 1475 3056 .

150 3073 325 3161 Narrant,
351 3071 406 3143 vel
432 3073 554 3167 potius
578 3073 800 3165 fabulantur,
834 3072 1085 3157 Dominicani,
1128 3071 1260 3166 ipsum,
1294 3064 1360 3167 pe'n

149 3185 306 3242 naturam
330 3164 517 3257 hebetem,
556 3168 729 3268 accepisse
754 3169 884 3243 donum
918 3166 1086 3240 scientiae
1109 3166 1357 3243 intercessione

149 3263 307 3352 Mariae,
332 3283 435 3357 quarn
461 3262 606 3358 inpense
625 3263 753 3353 coluit,
777 3267 836 3338 sed
860 3287 916 3352 et,
944 3263 1127 3336 secundnm
1156 3263 1229 3357 ejus
1255 3285 1357 3357 prae·
1409 3265 1412 3271 '

147 3356 361 3444 difflonem,
401 3357 605 3432 memoriam
627 3380 669 3435 ac
699 3359 880 3434 scientiam
907 3359 1061 3431 triennio
1093 3378 1175 3431 ante
1205 3379 1360 3433 mortem

149 3451 333 3622 perdidille
361 3476 529 3541 ornnem.¹
562 3456 647 3528 lllud
670 3453 825 3544 constat,
850 3476 931 3529 eum
955 3451 1192 3526 suisse'virum
1215 3455 1252 3527 in
1274 3455 1361 3528 Piri-t

165 3546 360 3645 osopbicir,
384 3549 672 3640 Mathematicir,
691 3569 728 3623 et
738 3548 966 3646 Theologicir
981 3546 1137 3621 habiturn
1155 3551 1357 3624 Summum:

150 3666 256 3742 quare
283 3644 326 3716 ab
350 3642 507 3741 inperito
529 3648 636 3740 vulgo
661 3643 712 3717 est
730 3644 876 3739 Magiae
900 3643 1081 3717 accusatus.
1133 3645 1268 3719 Docuit
1285 3647 1359 3739 pri·

150 3762 247 3815 mum
264 3735 401 3812 Parisiis
415 3763 448 3833 a,
466 3749 594 3835 1236.,
618 3738 699 3814 dein
718 3738 905 3830 Coloniae,
923 3738 1001 3825 ubi,
1021 3737 1116 3811 inter
1132 3741 1236 3829 alios,
1255 3742 1359 3814 Tho·

151 3859 247 3911 mam
274 3832 485 3929 Aquinatem
510 3837 634 3911 habuit
657 3835 883 3932 discipulum,
908 3835 1057 3930 denique
1082 3835 1274 3935 Episcopus
1290 3839 1363 3911 Ra·

151 3932 180 4006 ti
249 3928 381 4020 nensrs3
407 3934 499 4006 aba.
523 3940 655 4019 1260.,
679 3930 738 4004 sed
766 3954 836 4027 quo
862 3952 1005 4004 munere
1028 3932 1202 4019 abdicato,
1230 3935 1266 4006 in
1284 3954 1359 4002 mo·

145 3955 338 4106 ruffinum
360 4025 574 4103 coloniense
601 4026 770 4197 rediitYa.
800 4036 933 4124 1263„
965 4046 1003 4100 et
1023 4025 1077 4100 ibi
1102 4027 1361 4192 litterirlirppal-

770 4143 792 4217 3
1250 4134 1373 4207 ecen'a

342 4202 345 4207 .
405 4197 413 4205 a
