2976 4830
114 651 190 727 504
496 614 646 714 dilictio
667 614 796 715 Eccles.
822 607 939 712 arist.

117 824 223 893 rent,
246 817 287 875 et
320 796 436 873 indies
463 794 803 894 multiplicarentur,
837 791 979 866 Carolus
1014 791 1101 869 Rex
1131 792 1339 883 Gaiiarum.

122 898 301 998 Gregorio
327 897 418 992 Papa
440 890 651 986 instigante,
673 888 774 963 milio
797 888 1001 963 admiratio
1026 894 1072 963 ad
1098 893 1269 966 Proceres
1291 914 1340 963 re·

118 997 343 1098 primendos‚
369 1013 407 1062 et
431 986 657 1085 lnqursrtores
679 985 912 1079 adjuvandos,
936 986 1131 1062 horrendis
1154 1013 1222 1063 eos
1246 987 1338 1082 obje·

121 1094 174 1170 cit
197 1088 463 1170 vexationibus,
495 1087 545 1157 ita
578 1103 616 1157 ot
647 1103 805 1156 carceres
836 1084 898 1153 vix
921 1103 1095 1175 caperent
1119 1106 1202 1171 eos,
1235 1104 1276 1159 et
1293 1080 1338 1157 ia·

123 1192 275 1265 ctrltates
309 1182 354 1254 iis
383 1179 517 1254 alendis
542 1180 604 1252 vis
628 1176 837 1253 sufficerent.
884 1177 1002 1275 Quare
1027 1200 1146 1253 novos
1170 1180 1338 1276 julitta·

122 1286 210 1361 strui
234 1300 391 1355 carceres
415 1277 528 1370 Papa,
550 1293 589 1348 et
612 1274 851 1369 indulgentias
879 1274 1050 1348 concellit
1074 1276 1264 1363 fidelrbus,
1285 1263 1337 1367 qd

120 1379 251 1476 stipem
278 1372 320 1448 ad
345 1372 379 1443 id
402 1369 622 1446 conferrent.
674 1369 759 1443 Vid.
782 1368 980 1465 Raynaldus
1001 1392 1033 1442 a.
1054 1392 1167 1465 1475.
1188 1374 1233 1447 ln
1247 1370 1335 1443 rra·

121 1478 197 1548 driu
230 1491 321 1542 vero
350 1485 389 1539 et
419 1464 553 1554 Anessa
586 1464 710 1540 saeviit
738 1465 870 1538 sacrum
897 1466 968 1570 hoc
995 1464 1163 1541 officium
1197 1468 1236 1541 in
1260 1489 1331 1553 eos.

125 1571 189 1660 qui
216 1564 387 1658 Magire,
411 1582 450 1635 et
472 1561 606 1635 occulti
637 1585 718 1637 cum
740 1560 864 1634 Sarana
886 1562 966 1633 initi
988 1560 1108 1657 padi,
1141 1564 1334 1638 accusabar·

124 1684 205 1837 ξω,
223 1661 315 1827 quiil
333 1679 372 1766 ut
390 1656 970 1828 swildeissbiiritiinieiieiiiiii
991 1657 1159 1825 {luvirldim
1178 1660 1335 1829 Wolff

126 1785 179 1933 'eis
200 1766 459 1928 idideiioriri
489 1776 821 1957 matiifqmcipuid
851 1777 1335 1955 volitandcaiiiiieiimea'

127 1976 182 2051 gr.
216 1949 310 2046 quod
338 1940 409 2017 lese
440 1940 662 2016 devovrffenr
693 1944 860 2032 Satanae,
889 1945 986 2015 ullum
1017 1946 1243 2036 adorsum,
1271 1946 1334 2021 im

125 2070 211 2127 cum
244 2042 321 2139 ipso
351 2040 536 2113 carnaliter
565 2037 677 2113 client
705 2037 909 2112 commixti:
941 2060 1030 2134 quae
1057 2060 1180 2114 tamen
1206 2040 1334 2139 postea.

129 2144 172 2218 ad
197 2161 320 2238 rogum
342 2137 518 2221 damnati,
544 2155 766 2208 revocarunt.
799 2132 945 2206 Accidit
967 2134 1050 2208 illud
1070 2160 1102 2208 a.
1124 2146 1235 2227 ¹4⁶¹·
1261 2136 1335 2212 Vid

127 2234 350 2313 Boxhornius
383 2227 462 2304 hist.
495 2233 646 2326 Belgica.
698 2231 738 2302 ln
763 2228 875 2301 Gallia
902 2227 1069 2303 saevitum
1093 2231 1211 2307 estin
1233 2234 1337 2309 Picar-

129 2339 214 2419 dos,
245 2350 283 2402 et
315 2324 555 2400 Waldensrum
589 2325 765 2423 reliquiar,
796 2342 835 2396 et
866 2323 948 2397 dein
974 2348 994 2397 a
1023 2326 1221 2403 Ludovico
1243 2330 1336 2420 xit,

128 2432 232 2522 Rege
249 2424 400 2509 Galliae,
426 2423 556 2494 milites
571 2423 649 2495 sunt
668 2419 793 2495 inmiffi
819 2422 858 2493 in
883 2421 1186 2513 Merindotenles,
1212 2447 1254 2500 et
1278 2428 1335 2499 Ca-

130 2541 334 2620 parianus,
359 2513 593 2610 Albigenfium
617 2519 794 2614 reliquias.
846 2515 905 2587 De
932 2538 1003 2613 quo
1026 2516 1151 2608 postea
1177 2519 1242 2594 suo
1257 2524 1336 2597 locu.

130 2618 245 2712 Quam
287 2613 414 2684 sortem
447 2609 594 2684 subierit
625 2613 868 2709 Hieronymus
896 2613 1099 2686 Savanarola
1134 2615 1241 2713 supra
1272 2638 1337 2693 nir·

125 2703 736 2886 llrllzirlllffllrllisstl
752 2706 1342 2885 {lkzl’llrli‘rlt‘ffiuli'ld

132 2836 315 2986 bosaddm
336 2856 593 2994 circa’tempus
614 2898 757 2972 concilii
781 2897 896 3003 Pisani
912 2846 1132 2973 combultirm
1147 2901 1244 2994 effe,
1267 2928 1339 2983 cau·

130 3003 166 3078 sa
185 2997 377 3087 haetenus,
400 2997 580 3090 Burgirturrr
595 2994 742 3092 aliquem
757 2994 956 3090 tegurium.
1002 2993 1062 3068 De
1078 3018 1155 3094 quo
1171 3000 1244 3078 vid.
1259 3002 1341 3077 Len·

136 3096 212 3172 funt
234 3090 361 3165 concil.
388 3091 499 3163 Prl'an.
524 3114 560 3187 p.
587 3091 617 3165 L

181 3187 213 3283 l.
239 3184 433 3261 (CCCLX.
463 3186 584 3259 Rellat
608 3188 719 3260 verbo
742 3184 931 3264 dicendum
957 3186 1004 3263 de
1030 3184 1134 3283 inpio
1157 3190 1340 3288 dogmate,

134 3287 309 3362 haereticis
326 3304 387 3351 uun
402 3277 464 3375 effe
481 3280 679 3374 seruandam
695 3283 816 3378 fidem,
840 3283 934 3381 quod
959 3306 980 3357 a
1004 3284 1156 3381 Synodo
1181 3286 1343 3365 Constan-

134 3379 248 3458 sienl'e
278 3377 437 3451 censetur
460 3378 651 3467 sancitum,
683 3381 727 3452 ad
750 3376 968 3474 disciplinam
1021 3385 1082 3474 uip
1109 3404 1131 3452 e
1159 3387 1344 3481 pertinens.

133 3480 222 3553 cum
258 3477 443 3579 Imperator
473 3474 711 3566 sigismundus
742 3473 870 3548 salvum
903 3402 1053 3547 dediliet
1082 3405 1243 3572 iohanni
1273 3480 1346 3555 Huc

133 3570 345 3652 condudium
377 3590 411 3639 rn
438 3568 537 3661 plena
561 3569 690 3657 forma,
722 3572 794 3663 ipse
820 3592 883 3660 ue,
908 3592 1047 3642 eonon
1072 3569 1257 3664 obstante,
1279 3575 1344 3651 foe·

137 3674 224 3749 rita
248 3662 409 3738 concilio
439 3664 477 3735 in
500 3686 675 3737 carcerem
699 3594 875 3755 inutilius,
898 3683 936 3737 et
968 3666 1119 3740 brachio
1143 3669 1289 3747 seculari
1305 3666 1344 3747 ad

133 3759 410 3867 comburendum
434 3760 597 3842 traditus,
630 3784 719 3872 quae
741 3759 914 3870 notiffima
935 3760 987 3834 est
1001 3785 1064 3872 ‘res
1088 3761 1201 3859 fac'ii,
1235 3762 1343 3865 ntgrri

122 3864 439 4030 'miiieuiiiiiii
464 3855 916 4026 sssi¹¹²r¹r¹¹rd²¹ilr⁶iiiiii
948 3862 1345 4050 ‘iiiiniuipiursysnii

135 3962 370 4146 dildecreto,
397 4044 672 4127 demonstratum
696 4046 771 4143 cll,
799 4005 970 4148 ejulmddi
998 4048 1204 4132 secudratis
1223 3983 1349 4227 litigii

228 4260 250 4309 Q

24 4442 114 4525 ἱ
