3022 4806
128 608 205 695 iii
494 604 666 708 lustum
688 601 816 705 Eccles.
838 605 956 710 (irist.

139 791 286 873 libidine
307 788 343 863 in
371 786 508 887 Anglii·
523 785 693 883 grallante
726 787 747 861 l.
772 787 837 862 ΙΙΙ,
869 809 926 883 ep.
953 808 1032 879 10„
1073 785 1134 887 qui
1157 789 1182 867 l.
1197 784 1278 867 iv.
1299 812 1365 889 ep.,

142 914 199 989 13.
232 891 495 985 corruptionem
528 885 790 958 Munaclrorum
830 892 954 959 acerbe
982 884 1165 974 deplorat.
1215 885 1368 977 Exstant.

140 993 214 1087 qm
240 984 402 1083 opusculi
433 981 469 1053 in
505 979 672 1076 operibus
703 980 881 1052 sirmondi
914 1000 1011 1054 tom..
1025 982 1105 1067 111„
1143 984 1362 1067 Petronio

139 1081 242 1160 seusus
283 1079 484 1179 epistolam,
524 1077 582 1172 qui
619 1077 657 1148 in
687 1076 781 1148 Cleri
818 1073 1010 1151 avaritiamr
1029 1076 1225 1154 eeruxum.
1245 1081 1363 1155 melre·

140 1176 349 1258 riientiffim'e
363 1172 566 1262 invehitur,
584 1169 757 1244 recensuit
773 1172 956 1268 catalogue
972 1171 1101 1271 ullium
1119 1172 1275 1250 miraris
1290 1176 1360 1255 loc.

140 1279 205 1351 cit.
253 1269 421 1345 Testatur
444 1288 581 1364 quoque
604 1267 649 1341 de
665 1265 768 1339 seculi
794 1269 1028 1364 corruptione
1052 1270 1271 1347 Gillebertur
1285 1274 1360 1347 Ab·

141 1375 225 1460 bas,
250 1367 288 1440 in
317 1362 497 1439 Canticum
521 1363 713 1435 Salomonis
743 1362 841 1436 serm.
869 1385 923 1456 13.
950 1385 987 1439 et
1013 1386 1092 1455 r4.‚
1124 1366 1162 1442 iu
1190 1368 1360 1463 operibor

140 1462 305 1541 Bernardi
329 1480 414 1535 torn.
439 1461 507 1547 ll,
531 1479 684 1531 necnon
711 1457 900 1547 Aelredus,
926 1460 1205 1537 Reivallensrrin
1221 1464 1365 1560 Angor.

142 1558 272 1634 ordinis
291 1553 526 1632 Cistcrcienfis
551 1555 685 1642 Abbas,
710 1553 872 1625 Bernardi
890 1553 1085 1644 familiaris,
1113 1559 1216 1632 serm.
1243 1560 1290 1633 K
1316 1576 1357 1634 et

143 1656 209 1732 XI.
233 1650 276 1729 ad
302 1653 369 1752 Jes.
396 1653 493 1726 Xlll.
519 1651 555 1724 in
575 1649 743 1723 'Bioliorn
772 1650 827 1720 M.
853 1649 992 1722 Parrum
1019 1671 1103 1725 roro.
1123 1653 1263 1729 XXllI.
1296 1656 1365 1731 De.

144 1748 290 1831 avaritia
317 1768 354 1822 et
385 1746 511 1820 defidia
536 1744 788 1840 Epil‘coporum
823 1746 894 1817 vid.
928 1767 1031 1820 autor
1064 1746 1159 1822 vitae
1183 1748 1364 1826 Radberli

142 1846 180 1924 in
205 1848 326 1942 Antiq.
351 1841 511 1915 Leilr'on.
537 1840 660 1913 Canisri
687 1858 771 1912 tom.
797 1838 861 1912 lll.
889 1862 922 1932 p.
951 1842 1017 1931 IL,
1049 1844 1107 1940 qui
1133 1843 1236 1918 hu'ur
1258 1845 1360 1921 uide-

145 1964 203 2020 tur
225 1940 293 2015 effe
320 1938 433 2012 seculi.
478 1936 696 2023 Volcuinus,
732 1936 849 2005 Abbas
876 1935 1158 2013 Srttichenbacen
1209 1941 1362 2030 ,iuco-

143 2041 271 2118 mitatu
296 2030 568 2120 Mansfeldensr,
594 2031 653 2127 qui
679 2031 780 2135 huju}
808 2028 877 2115 est,
904 2052 943 2101 cr
968 2055 1037 2104 non
1060 2035 1186 2125 XVti,
1213 2040 1361 2115 utmale

144 2139 250 2213 habet
272 2132 391 2207 Catulo
418 2152 457 2203 ur
481 2126 615 2202 testium
644 2130 813 2214 vernaus,
854 2126 1028 2200 diabolum
1051 2130 1147 2203 -dixit
1170 2133 1362 2209 sacerdoti·

142 2236 207 2310 bus
222 2250 291 2303 tres
306 2227 376 2300 suar
392 2153 477 2298 ilias
491 2222 655 2332 mouille,
672 2224 887 2332 superbum?
906 2225 1105 2328 auaritiam,
1124 2229 1359 2308 etluxuriam.

145 2326 235 2403 vid.
262 2324 306 2394 de
330 2342 373 2392 eo
397 2319 642 2390 Leuckfeldrus
669 2340 705 2388 ru
736 2318 1014 2409 Annqurtanbus
1038 2319 1360 2401 Walckeuridenfi·

143 2424 220 2498 bur.
268 2416 417 2488 Omnem
439 2435 547 2507 porro
573 2429 728 2483 meretur
750 2412 1081 2488 animadversionem
1107 2418 1260 2493 notabile
1285 2442 1359 2495 car·

143 2505 1362 2697 nnnc0urcrunnum1urrini

328 2660 336 2679 ·
420 2659 427 2676 ·
475 2656 484 2675 ·
560 2657 588 2693 ·r

144 2704 190 2778 de
207 2717 364 2777 conremrrr
378 2698 506 2784 rrrundr',
531 2698 567 2770 in
586 2699 754 2793 catalogo
771 2695 908 2771 testium
934 2701 1092 2777 ueritatis
1106 2702 1127 2776 l.
1148 2703 1276 2801 XIV„
1299 2730 1363 2784 un.

142 2802 189 2880 de
211 2800 276 2878 hur
309 2810 443 2873 tantum
470 2792 655 2868 versiculos
689 2814 883 2890 excerpam.

243 2993 356 3068 Aurea
390 3005 549 3080 tempora,
590 2981 737 3080 castaque
756 2986 900 3078 penora,
923 2992 1171 3082 praeterierunt.

252 3088 408 3179 Tempora
432 3079 588 3178 pefflma,
610 3084 742 3175 scilicet
764 3083 898 3171 ultima,
918 3087 994 3176 jam
1009 3085 1198 3180 subierunt.

245 3185 347 3257 Stant
369 3182 455 3251 modo
471 3177 596 3272 linurin
620 3180 729 3263 lurra,
745 3174 920 3270 superbia,
943 3197 1010 3270 par
1027 3179 1100 3272 ſsrre
1116 3205 1214 3280 pare.
1373 3258 1400 3273 ,,

247 3280 370 3363 Fraus,
398 3276 525 3359 Venus,
551 3274 636 3359 oria,
659 3270 811 3362 furtaque
834 3273 961 3373 conscia
980 3281 1079 3351 noblis
1096 3298 1228 3371 opacae.
1370 3276 1394 3302 ⁸

246 3374 449 3472 Srlrr'smata‚
470 3368 617 3460 praelia,
648 3370 716 3454 uir,
746 3369 936 3458 homicidia,
968 3375 1167 3450 traditiones,

243 3475 324 3561 Ira,
352 3467 536 3566 protervia,
567 3462 669 3554 liuor,
694 3467 829 3555 inertia,
851 3464 1032 3557 seditiones.

243 3570 322 3642 Srnr
338 3565 524 3660 firmiani,
567 3564 685 3632 corruit
709 3563 810 3650 allio,
837 3564 1012 3657 religionis.
1149 3572 1152 3577 '

135 3672 139 3677 '
243 3665 341 3738 Her!
372 3661 440 3758 sun
463 3659 593 3754 propria
617 3659 748 3752 deputat
771 3663 876 3730 omnia
900 3659 976 3734 Iler
1000 3663 1189 3758 Baryunrs.

146 3861 189 3941 ln
214 3853 311 3932 seculi
337 3863 515 3943 corruptos
547 3867 662 3920 mores
694 3847 862 3921 acerrime
890 3847 995 3923 etiam
1028 3853 1204 3928 inuehitur
1231 3857 1363 3938 Amol.

148 3961 213 4035 dus
239 3954 364 4028 (lirun.
391 3947 567 4020 surorum
598 3940 657 4013 lib.
683 3943 743 4015 Ill.
771 3967 801 4015 c.
829 3965 886 4018 22.
939 3949 1112 4021 Peccatum
1146 3950 1193 4046 est
1217 3964 1360 4033 manime

149 4057 316 4132 curuum
348 4037 671 4138 Ercr'rfinflirurum,
700 4036 825 4136 *inquit
871 4041 1056 4138 Rupertus-
1080 4047 1284 4219 fi'urriengr
1317 4056 1362 4127 ai

711 4176 716 4189 ι
774 4188 780 4195 .
1276 4164 1361 4240 poc·
