3022 4806
128 610 198 685 126
468 556 485 574 ⁸
519 596 962 705 maurimontem.

133 807 233 889 parur
263 784 298 860 in
325 783 693 877 mediumptocesstt,
732 782 914 882 splendido
943 780 1088 857 indutor
1118 781 1263 877 lrabitu,
1305 807 1352 862 eo

134 909 214 961 cum
239 883 390 971 effeelu,
424 903 461 953 ut
485 903 593 953 nemo
616 882 650 950 ei
673 882 814 953 auderet
840 877 1019 969 resistere,
1043 880 1143 955 multi
1164 905 1230 977 qua
1260 883 1354 955 blan·

135 981 250 1066 ditiis,
277 1005 342 1076 qua
369 977 493 1066 minis,
526 977 564 1049 in
588 974 690 1071 ipsiua
713 993 826 1072 parter
850 973 982 1048 suerint
1004 977 1116 1050 tratti.
1166 980 1356 1054 Praetereo

133 1096 263 1154 tantam
288 1094 441 1148 narratur
463 1072 554 1168 apud
583 1070 730 1146 adseclas
756 1070 911 1146 babuisse
939 1072 1184 1164 autoritatem,
1225 1094 1267 1149 ut
1291 1075 1353 1148 vel

137 1197 260 1269 etuas,
292 1173 417 1268 quibus
441 1171 474 1241 se
499 1171 697 1256 lavaverat,
733 1168 910 1255 biberint,
949 1168 1074 1264 easque
1099 1191 1165 1264 pro
1189 1171 1354 1269 reliquiis

138 1272 205 1349 sint
237 1265 411 1354 venerati,
436 1266 511 1336 imo
534 1263 614 1361 prffi
641 1265 771 1337 suerint
794 1262 878 1335 filias
902 1280 939 1334 et
966 1286 1091 1336 uxorea
1115 1288 1235 1340 coram
1262 1291 1352 1340 ocu·

138 1368 178 1446 lit
201 1363 267 1438 suis
289 1365 331 1436 ab
355 1359 429 1455 ipso
455 1357 610 1455 stuprari.
663 1359 773 1434 Addit
800 1358 939 1453 insuper
954 1361 1165 1434 Abaelatdur
1180 1365 1354 1438 intrude.

137 1469 173 1538 iu
199 1459 401 1554 Titeologiom
425 1453 484 1530 lib.
510 1456 557 1530 ll.
582 1453 695 1554 ipsum
721 1454 792 1530 sese
824 1456 949 1527 Frltum
983 1456 1051 1528 Dei
1083 1455 1235 1553 geffille,
1268 1480 1354 1534 ete

138 1557 244 1639 suciis
276 1553 375 1629 fuisse
412 1550 589 1650 agnitum,
631 1552 681 1624 ita
718 1569 758 1624 ut
787 1549 849 1646 ipsr
878 1549 1114 1625 exstruxerint
1148 1553 1358 1650 Templum.

141 1654 238 1754 Quid
246 1675 326 1727 cunt
338 1645 561 1724 hochornine
578 1646 706 1742 fastum
726 1645 784 1732 stt,
810 1644 883 1718 silet
899 1646 1061 1736 historia,
1086 1646 1147 1722 nist
1165 1657 1260 1746 quod
1279 1652 1357 1726 Ro·

141 1752 261 1829 bertus
286 1772 305 1821 a
328 1747 459 1820 Monte
480 1743 516 1815 in
534 1745 704 1839 adpendice
720 1743 883 1837 sigeberti
897 1764 927 1814 a.
950 1765 1052 1832 1114.
1071 1742 1220 1835 reserat,
1244 1768 1353 1838 euru,

143 1845 224 1947 post
246 1847 368 1918 multas
389 1859 539 1936 patratae
567 1842 708 1924 caedes,
740 1861 758 1910 a
793 1841 1001 1934 presbytero
1035 1836 1148 1934 aliquo
1182 1839 1283 1916 fuisse
1316 1845 1356 1919 in

129 1946 289 2021 cerebro
315 1934 533 2035 perculsum,
565 1954 601 2006 et
627 1934 792 2008 occisum.
846 1933 997 2005 Duravit
1031 1936 1254 2010 nibrlominus
1280 1939 1358 2034 ejus

142 2034 290 2118 haeresta
319 2028 514 2130 aliquandiu
548 2029 647 2127 poll,
691 2029 804 2101 donec
839 2027 1058 2116 Norberrus,
1101 2032 1359 2125 Praemonstra·

141 2136 288 2212 tensium
314 2131 492 2215 fundator,
525 2148 692 2201 evocatur
724 2128 862 2199 venerit
898 2126 1037 2198 Antver
1066 2125 1133 2199 iam
1167 2151 1198 2202 a.
1237 2152 1350 2221 11¹4·

128 2236 205 2331 ·qui
229 2229 423 2304 errantibus
444 2225 713 2311 convertendis,
739 2238 775 2292 et
795 2222 964 2295 Ecclesiae
987 2223 1022 2295 in
1056 2224 1246 2314 aurandae,
1272 2249 1358 2302 cum

151 2322 304 2403 successu
332 2320 500 2394 incubuit.
551 2319 635 2393 Vid.
662 2319 857 2405 Robertus,
892 2317 997 2388 modo
1022 2320 1167 2408 citatus,
1202 2342 1239 2393 et
1276 2323 1359 2397 Hu-

172 2422 256 2494 oin
284 2418 356 2488 vita
384 2415 577 2500 Norberti,
619 2431 758 2507 praeter
781 2414 1011 2488 Abaelrrdum
1047 2415 1070 2486 l.
1108 2415 1170 2489 cit.
1228 2416 1359 2494 Sintne

146 2447 237 2593 iaec
274 2512 390 2582 omnia
422 2530 523 2592 vera,
558 2508 730 2603 praestare
770 2532 841 2582 non
878 2508 1032 2603 pulsum,
1067 2511 1228 2585 nonnulla
1261 2512 1360 2590 sorte

135 2616 188 2689 -ab
215 2603 413 2683 adversariis
442 2600 565 2676 adfidla
587 2603 649 2700 ipsr
666 2607 761 2693 sunt,
786 2625 824 2678 ut
841 2605 951 2699 ipsum
969 2607 1154 2679 redderent
1167 2607 1354 2690 odiosum:

146 2710 285 2785 Clerum
313 2701 408 2776 enim
435 2697 692 2793 perstrinxerat,
720 2718 757 2772 et
781 2701 988 2775 irritaverat.

132 2850 137 2861 ·
194 2804 226 2905 s
253 2802 346 2878 CIX.
373 2796 540 2893 Adjungo
568 2796 631 2888 ipsi
655 2796 819 2886 ssmilem,
845 2800 900 2871 vel
919 2798 1076 2894 pejorem
1095 2797 1231 2890 adhuc,
1260 2798 1360 2876 fana·

147 2903 256 2979 ticum
280 2901 461 2983 Eudonem,
495 2895 550 2966 vel
581 2894 737 2982 Eonem,
773 2916 794 2964 e
826 2892 1022 2966 Brittannia
1053 2894 1261 2984 Armorica,
1294 2898 1357 2994 qui

148 2996 352 3092 depingitur
377 3011 537 3085 tanquam
562 2990 757 3080 illtteratur,
792 2986 848 3061 sed
872 3013 891 3062 a
919 2988 1144 3063 daemonibus
1170 2991 1219 3066 ita
1254 2991 1359 3068 fasci·

148 3116 268 3178 natus,
301 3108 484 3162 uteorum
510 3108 579 3183 ope
609 3088 730 3159 multas
752 3083 962 3181 praestiterit
985 3084 1205 3181 praestigias,
1238 3110 1360 3188 eoque

116 3181 120 3187 ’
149 3190 289 3264 venerit
312 3182 532 3270 dementiae,
557 3201 616 3271 ut,
640 3180 675 3252 se
697 3182 850 3275 judicem
877 3180 954 3253 fore
985 3203 1220 3273 mortuorum,
1245 3204 1285 3259 et
1302 3186 1359 3261 vi·

150 3283 330 3369 ventium,
356 3278 504 3362 dixerit,
539 3302 584 3350 eo
616 3299 679 3368 per
704 3275 907 3365 formulam,
942 3275 978 3349 in
1007 3279 1207 3352 exorcismis
1234 3278 1360 3356 Eccle-

120 3378 124 3389 ’
151 3382 219 3457 stae
244 3378 420 3463 usitatam,
445 3372 632 3459 addudlus,
665 3369 699 3442 in
727 3397 792 3470 qua
826 3392 861 3444 et
888 3372 974 3445 haec
1008 3377 1115 3447 verba
1139 3380 1356 3475 occurrunt,

148 3497 207 3575 per
241 3478 348 3565 Eum,
391 3473 445 3568 qui
475 3488 625 3545 venturus
658 3465 706 3565 est
730 3474 882 3568 judicare
918 3474 1005 3545 vivos
1037 3488 1069 3543 et
1101 3487 1258 3562 mortuos,
1299 3475 1358 3569 se,

151 3576 347 3648 cumidem
383 3588 518 3665 gereret
558 3586 705 3652 nornen,
742 3595 812 3642 eum
844 3566 912 3640 else
945 3565 1128 3640 dislitans:
1171 3588 1210 3641 ut
1242 3589 1360 3646 narrat

149 3664 402 3764 Neubrigtnsrs
435 3661 528 3737 Hist.
560 3664 582 3736 l.
618 3665 668 3747 1.,
693 3665 753 3758 qui
778 3665 823 3736 de
847 3663 922 3757 ejus
955 3661 1173 3757 praestigiis,
1213 3665 1359 3766 aliisque

142 3767 306 3866 ineptiis,
348 3760 442 3855 plura
481 3757 598 3831 refert.
648 3757 745 3856 Quae
777 3759 801 3832 li
833 3780 918 3830 vera
950 3757 1034 3847 sint,
1078 3760 1253 3834 hominem
1288 3786 1363 3841 non

151 3874 249 3949 snae
276 3858 374 3935 fuisse
399 3855 526 3928 mentis
550 3853 807 3942 demonstrant,
843 3853 995 3944 interea,
1026 3859 1128 3929 talem
1156 3859 1246 3931 haud
1272 3884 1359 3955 patr-¹

147 3991 211 4047 cus
242 3978 385 4034 numero
419 3949 600 4025 offendisse
632 3972 741 4045 ecque
771 3949 935 4036 insanos,
979 3952 1035 4047 qui
1070 3952 1172 4048 ipsius
1210 3954 1359 4034 suerunt

148 4063 323 4150 adseclae,
363 4050 468 4128 fidem
492 4047 576 4124 -sere
612 4046 761 4146 superat.
809 4047 879 4122 Sed
911 4047 1061 4123 seculum
1094 4054 1166 4126 boc
1196 4050 1269 4127 suit
1302 4055 1361 4126 su«

1283 4170 1367 4246 rer·
