3022 4806
535 632 544 653 .
653 568 763 648 Steti.
787 561 893 650 XV.
1286 555 1372 671 ‘469

147 775 206 842 ta,
238 775 318 831 cum
343 747 438 850 quod
471 745 699 845 superioritas
729 748 873 824 concilii
907 747 1079 844 generalis
1110 747 1208 843 supra
1239 751 1365 846 Papam

146 852 189 928 fit
205 852 369 938 definita,
388 869 460 921 tuin
478 845 674 918 reservatio
692 865 729 919 et
748 849 934 941 perceptio
952 848 1256 940 procurationum,
1275 848 1372 929 ordi·

144 947 251 1025 uariis
277 968 314 1021 et
338 946 415 1019 aliis
436 940 664 1015 inferioribus
690 941 849 1031 Praelatio
872 944 1088 1029 debiturum,
1124 942 1260 1014 ratione
1288 943 1370 1018 vili·

144 1047 311 1132 cationis,
345 1063 411 1115 nec
439 1061 511 1110 non
538 1036 726 1131 spoliorum
753 1037 998 1112 decedentium
1025 1039 1277 1124 Praelatoritm,
1310 1043 1369 1114 ali·

136 1162 322 1234 citumque
347 1140 583 1221 clericorum,
610 1133 680 1207 sive
699 1138 735 1206 in
752 1136 845 1208 cutia
861 1136 1041 1221 Romana,
1067 1133 1138 1207 sive
1155 1155 1250 1206 extra
1267 1158 1366 1227 eam,
1463 1197 1466 1203 .

140 1240 324 1321 obierint,
349 1257 369 1308 a
388 1230 557 1305 Romanis
576 1228 800 1304 Pontificibus
815 1229 893 1302 sieri
910 1231 1025 1314 solita,
1048 1230 1228 1326 prohibita
1245 1229 1369 1308 suerit.

147 1340 187 1429 β.
214 1331 386 1414 Articuli,
420 1332 522 1409 circa
542 1348 629 1421 quos
653 1328 854 1398 reformatio
893 1325 1068 1400 Ecclesiae
1102 1327 1139 1398 in
1176 1326 1298 1421 Capite
1331 1349 1371 1403 et

145 1428 352 1511 membrisa
377 1425 469 1516 Papa
493 1444 571 1494 cuin
599 1422 749 1495 concillo
777 1422 855 1495 sieri
882 1422 1024 1510 debeat,
1053 1424 1131 1495 sunt
1158 1423 1298 1496 definiti
1316 1421 1368 1496 su·

174 1520 523 1604 uentesoiludecim.
560 1541 591 1590 i.
617 1517 661 1589 de
679 1539 843 1607 numero,
869 1516 1054 1614 qualitate,
1073 1538 1110 1591 et
1127 1518 1270 1591 niti-one
1288 1521 1371 1593 Car·

143 1557 327 1705 amelium.
353 1639 384 1690 2.
411 1617 452 1687 de
478 1613 771 1687 reservationibus
798 1613 886 1688 sedis
910 1612 1147 1708 Apostolicae.
1178 1638 1210 1707 3.
1236 1616 1369 1691 dedu·

147 1720 266 1808 natis,
296 1710 534 1790 communibus
551 1709 716 1797 servitiis,
742 1730 777 1782 et
795 1710 948 1783 minutis.
973 1733 1008 1798 4,
1035 1705 1276 1783 collationibus
1310 1714 1371 1786 be·

139 1815 391 1900 Lneliciorum,
425 1829 463 1880 et
493 1804 615 1899 gratiis
656 1805 917 1898 exspeciativis.
967 1827 1001 1896 5.
1035 1803 1373 1882 Confirmationibni

147 1911 375 1992 cleiiionum.
425 1912 460 2000 ot
488 1900 601 1974 Causis
627 1897 780 1976 incuria
805 1901 1182 1987 Romanatrailandir,
1208 1904 1267 1975 vel
1283 1926 1370 1980 non.

151 2032 194 2110 7.
215 2010 259 2084 de
280 1999 567 2100 adpellaiionibua
591 1995 644 2106 ad·
656 2000 786 2072 curiam
812 2000 1007 2072 Romanam
1050 2007 1083 2079 8.
1118 1993 1256 2070 Officiis
1288 2020 1369 2072 caii-

151 2103 312 2186 cellariae
334 2117 370 2171 et
396 2094 695 2192 poenitentiariae.
725 2117 758 2182 9.
783 2093 1037 2165 exemiionibus
1061 2111 1098 2164 et
1123 2090 1369 2187 incorporati·

150 2202 302 2284 ouibus,
327 2213 487 2284 tempore
505 2188 695 2262 schismatis
712 2188 820 2262 saitis.
859 2211 913 2261 io.
932 2185 1168 2272 Commendii.
1199 2209 1254 2261 ir.
1274 2187 1369 2262 sruc-

152 2303 250 2378 tibus
274 2291 382 2369 medii
405 2283 586 2380 temporis.
614 2308 668 2358 12.
694 2286 739 2357 de
767 2306 838 2358 non
863 2282 1048 2357 alienandis
1067 2281 1168 2355 bonis
1186 2284 1368 2359 Romanae

151 2391 343 2476 Ecclefiae.
374 2409 428 2479 ¹3·
456 2383 603 2474 Propter
627 2402 713 2474 quae
739 2401 776 2455 et
808 2382 985 2476 quomodo
1017 2376 1147 2474 corrigi
1172 2399 1209 2452 et
1234 2379 1372 2477 deponi

139 2491 271 2597 pollet
298 2487 386 2578 Papa
411 2481 598 2552 Romanus.
626 2499 681 2566 14.
716 2476 761 2551 de
795 2475 1047 2573 exstirpatione
1080 2473 1269 2552 Simoniae.
1306 2499 1366 2567 15.

145 2577 473 2686 dispensationibus.
507 2582 559 2648 16.
595 2570 792 2667 provisione
825 2574 936 2666 Papae
967 2590 1002 2644 et
1034 2570 1272 2650 cardinalium.
1312 2596 1369 2668 ¹7·

145 2676 394 2776 indulgentiis.
416 2679 472 2750 18.
489 2667 645 2742 decimis.
669 2669 725 2742 Ex
742 2669 864 2766 quibus
880 2666 1028 2743 articulis
1049 2669 1232 2760 elucescit,
1258 2692 1369 2764 quan·

149 2803 281 2879 topeie
314 2774 351 2847 in
387 2791 470 2842 vera
503 2765 678 2840 Ecclesiae
710 2765 959 2854 corruptione,
1001 2763 1086 2835 ficut
1118 2782 1220 2837 antea
1250 2765 1299 2837 ita
1333 2781 1373 2847 ct

146 2899 267 2963 nnnc,
294 2863 540 2945 coicutierint.
591 2865 679 2937 Sunt
705 2861 847 2955 quidem
872 2861 915 2930 de
935 2859 1107 2931 nonnullis
1124 2858 1278 2933 articulis
1293 2859 1371 2931 sor-

149 2994 245 3055 mata
269 2970 430 3051 decreta,
464 2960 520 3032 sed
546 2959 668 3052 quibui
694 2957 911 3029 recensendis
944 2976 1013 3027 non
1041 2956 1208 3027 immoror.
1257 2955 1371 3031 Deui-

144 3094 221 3171 que
247 3059 381 3162 Synodi
412 3053 562 3130 decretis
585 3072 622 3125 et
644 3051 727 3126 illud
753 3051 917 3131 addatur,
942 3050 1132 3123 concilium
1159 3051 1284 3147 Papiae
1307 3054 1368 3128 lia.

144 3165 300 3247 bendum
325 3153 413 3240 esse,
437 3172 474 3225 et
499 3149 678 3237 omnibns,
712 3150 770 3245 qui
794 3144 937 3244 synodo
961 3145 1216 3239 iuterfuerunt,
1247 3152 1372 3247 plena·

146 3265 236 3343 tiam
260 3249 452 3332 concessam
480 3246 740 3338 indulgentiam.

144 3428 151 3439 ,
198 3346 512 3458 §.ccccxxvi
555 3346 745 3419 Muttinis.
773 3339 883 3432 ‘cujus
907 3337 1094 3436 praecipita
1125 3331 1366 3434 gistipancie

143 3449 359 3543 recensenda
383 3444 477 3522 sunt,
501 3443 535 3511 in
562 3461 604 3507 eo
629 3461 722 3510 toins
745 3434 832 3518 suit,
867 3454 904 3508 ut
928 3435 1125 3509 haereticos
1145 3456 1181 3506 et
1205 3433 1362 3511 soliilma·

143 3555 242 3633 ticos
275 3542 472 3619 debellaret.
521 3537 649 3623 Contra
684 3529 880 3607 Wiclefitas
914 3553 950 3603 et
976 3531 1127 3606 {insitis
1158 3533 1249 3604 editi
1280 3557 1364 3606 con·

145 3643 337 3731 stitutione
361 3663 390 3708 a.
423 3642 524 3723 1418.
554 3630 737 3723 Episcopus
760 3647 796 3698 et
815 3628 1072 3720 Inquisitonbns
1090 3628 1206 3700 severe
1226 3630 1364 3723 injunx-

140 3750 179 3828 it
216 3732 473 3834 inquisitionem
546 3727 646 3805 itini
685 3747 825 3822 quoque
856 3747 937 3797 euni
979 3728 1015 3796 in
1051 3725 1157 3799 sinem
1190 3725 1363 3820 Legitum

140 3846 182 3922 in
210 3831 408 3913 Boliemiam
435 3847 470 3900 et
496 3825 731 3919 Hnn'giriam,
763 3843 841 3891 cum
873 3819 1069 3912 ampliffimn
1096 3817 1284 3914 potestate,
1310 3816 1364 3910 ip·

147 3939 220 4016 sain
249 3924 510 4022 expediinnem
531 3925 655 3994 sacram
675 3918 802 3991 indixit
818 3914 978 3991 adversus
999 3918 1163 3991 Huliitas.
1213 3917 1363 3988 Eiicom.

147 4022 402 4113 annuntiotis
431 4022 564 4099 iiilrucu
586 4012 760 4188 vibravitN
772 4012 812 4085 iu
839 4012 1117 4113 sigismundum,
1148 4010 1362 4183 Li¹h⁰}”i.³e

767 4127 869 4205 nug
956 4176 961 4187 ‚
1290 4127 1362 4184 rm·

1395 4254 1464 4522 s
