3022 4806
139 597 209 655 too
524 571 673 676 &stuta
696 573 823 676 Eccles.
849 574 962 673 Clitifi.

138 755 283 832 versiam
308 753 352 831 de
378 752 646 855 Episcopatus.
672 755 857 846 Andreae,
889 755 989 852 cujus
1012 752 1052 830 in
1084 753 1198 833 Lucio
1229 759 1350 833 meni·

141 856 200 944 ni,
233 855 412 950 Hugone,
445 856 537 952 quod
560 856 604 927 ab
629 854 775 927 Urbano
796 853 839 927 ad
877 853 1030 926 tribunal
1062 853 1186 950 Papale
1218 856 1350 931 citatut

140 968 347 1045 comparere
376 949 580 1038 reculallet,
621 947 808 1040 deposito,
850 968 888 1020 et
920 948 1082 1045 Johanne
1113 949 1349 1041 confirmato,

142 1065 182 1116 ut
205 1068 250 1118 ex
275 1046 479 1117 Hovedeno
511 1063 619 1140 patet.
668 1043 733 1116 Cui
766 1044 909 1116 decreto
940 1065 1021 1116 cum
1055 1044 1137 1119 Rex
1166 1045 1350 1122 adsensum

141 1140 379 1236 praebuiliet,
414 1142 505 1234 Papa
528 1135 715 1212 Ecclesiam
740 1139 879 1212 Scotlae
905 1140 1094 1212 declaravit
1126 1141 1199 1214 sedi
1230 1141 1352 1237 Papali

141 1239 250 1310 unice
283 1240 321 1309 in
354 1233 528 1327 posterum
552 1234 736 1330 subjectam
767 1234 865 1321 fote,
898 1234 1100 1343 neminique
1120 1236 1249 1326 licere,
1283 1236 1352 1312 nili

141 1332 275 1425 Papae,
311 1350 370 1403 aut
395 1336 510 1425 legato
533 1331 606 1427 ejus
629 1352 649 1402 a
673 1331 802 1416 latete,
834 1331 1260 1421 excommunicationem,
1287 1353 1357 1407 aut.

140 1424 367 1501 interdictum
386 1426 536 1515 sacrum,
564 1424 773 1499 denunciare
788 1425 824 1498 in
840 1447 986 1523 regnum
1002 1426 1161 1512 scotiae,
1187 1447 1227 1499 ut
1250 1426 1352 1502 idem

140 1520 259 1595 refert.
297 1522 375 1621 Qua
402 1523 542 1594 ratione
564 1519 716 1595 Ecclelia
739 1521 793 1594 illa
823 1522 867 1594 ab
898 1522 995 1594 omni
1026 1522 1177 1618 Angliae
1206 1542 1245 1593 et
1280 1523 1353 1595 Ar·

23 1630 26 1637 “
140 1616 362 1713 chiepiscopi
388 1618 613 1690 Eboracenlit
635 1613 673 1689 in
702 1638 778 1690 eam
803 1615 883 1710 jure
914 1618 1055 1690 liberata
1090 1615 1153 1690 est.
1203 1616 1351 1692 Termi·

141 1710 241 1787 navit
270 1716 377 1785 etiam
413 1712 560 1786 schisma
600 1709 841 1798 Trevirense,
883 1710 1034 1786 Folmari
1074 1733 1116 1784 ac
1155 1713 1348 1809 Rudolphi

141 1806 316 1880 electione
344 1806 490 1895 sublata,
521 1824 558 1878 et
582 1805 754 1879 Ecclesiae
779 1804 939 1881 concello
960 1803 1130 1882 electione
1150 1807 1275 1882 libera:
1310 1827 1356 1885 ut

139 1920 242 1977 autor
266 1902 382 1993 magni
408 1901 574 1975 Chronici
600 1901 731 1996 Belgici
753 1899 875 1974 refert.
1158 1976 1161 1985 ,

150 2040 153 2047 ·
187 1998 218 2096 Β.
245 1997 446 2071 LXXXVI.
473 1996 628 2071 Ultimus
654 1996 759 2070 seculi
781 1997 874 2092 Papa
896 1991 946 2067 est
965 1990 1159 2093 Caelestinus
1176 1999 1267 2088 tlt,
1301 2001 1351 2077 ab

140 2113 171 2171 a'.
200 2114 306 2184 1192.
329 2095 371 2169 ad
401 2103 529 2183 1198„
552 2090 646 2166 inter
671 2092 769 2190 quut
792 2091 1065 2166 oonsectationia
1089 2093 1352 2189 caerimoniae,

141 2214 230 2288 quae
267 2189 304 2261 in
339 2190 446 2265 ordine
479 2187 625 2264 Romano
659 2185 805 2274 Cencii,
843 2188 1034 2262 Camerarii
1070 2191 1164 2286 ejus,
1204 2186 1349 2268 exstant

139 2288 232 2380 apud
259 2286 447 2358 Mabillon.
473 2287 556 2358 mus.
584 2284 658 2357 ltal.
683 2304 758 2355 tom
784 2282 852 2368 ll.,
884 2282 1056 2379 reperitur
1085 2284 1273 2360 collocatio
1307 2288 1350 2365 in

129 2381 210 2480 sede
230 2376 449 2468 stercorum,
472 2377 599 2450 additis
615 2376 749 2466 verbit3
765 2374 911 2474 suscitat
932 2379 1113 2476 depellere
1129 2404 1283 2475 egotam,
1312 2400 1348 2456 et

139 2473 340 2584 deflerent
368 2478 493 2566 erigent
505 2489 675 2583 pauptstnt
692 2491 783 2561 etc.,
807 2473 936 2569 dequo
960 2474 997 2548 in
1021 2476 1183 2584 Johanna
1213 2477 1350 2570 Pupilla

137 2565 398 2759 {nillil
415 2567 648 2772 {liuilni
679 2567 1350 2762 {lllllnlliff‘lnlnltlll:

137 2784 205 2860 pae
228 2758 435 2858 prostratus,
467 2779 551 2832 acce
577 2756 656 2832 tliet
682 2779 868 2846 coronam,
893 2782 959 2834 una
988 2783 1069 2836 cum
1101 2761 1260 2857 Regim,
1282 2762 1351 2838 Pa·

134 2880 182 2954 pa
203 2878 287 2932 mox
314 2853 404 2949 pede
434 2781 594 2949 percuffn
618 2876 694 2926 eam
717 2856 944 2948 Inperatoria,
975 2877 1013 2930 et
1035 2858 1073 2932 in
1099 2876 1225 2931 tetram
1250 2860 1352 2954 deje-

135 2954 207 3043 cit,
233 2970 270 3027 ut
285 2950 514 3048 significaret,
538 2949 573 3022 se
590 2973 689 3039 eum,
712 2949 737 3024 st
754 2949 984 3041 demeruerit,
1009 2952 1054 3026 de
1070 2951 1213 3049 inperio
1228 2953 1353 3028 detur·

135 3047 243 3131 bandi
278 3042 447 3142 potestate
482 3045 642 3138 gaudere.
702 3047 757 3119 Ita
796 3046 914 3143 utique
954 3065 1068 3122 narrat
1109 3047 1352 3145 Hovedenus,

133 3165 238 3222 autor
270 3139 439 3238 aequalis,
479 3141 578 3237 cujus
613 3139 852 3216 testimonium
884 3141 1007 3215 fortius
1046 3142 1096 3217 est
1126 3145 1269 3219 aliorum
1301 3147 1347 3222 n.

137 3238 279 3321 lentio:
324 3235 413 3309 adeo
445 3258 485 3310 ut
522 3237 606 3312 inde
636 3236 707 3310 falsi
748 3235 906 3310 convinci
944 3258 1105 3335 nequeat.
1164 3240 1274 3314 Dedit
1308 3260 1353 3320 et

135 3339 204 3416 alia
227 3331 367 3427 Papalia'
393 3333 589 3407 autoritatis
622 3331 800 3428 supremae
829 3331 970 3408 indicia.
1018 3337 1254 3432 Alphonlum,
1287 3362 1347 3414 re·

134 3456 219 3533 gem
238 3426 432 3502 Gallaeciae
447 3449 483 3501 et
509 3428 695 3524 Legionis,
723 3429 1063 3518 excommunicavit,
1090 3449 1233 3528 propter
1254 3456 1349 3532 nup·

135 3533 201 3606 tias
217 3546 296 3599 cum
314 3525 369 3597 sua
383 3526 660 3635 consanguinea,
685 3524 756 3599 filia
779 3525 930 3615 Saniiii,
955 3526 1068 3624 Regis
1090 3530 1346 3625 Portugalliae,

133 3620 365 3800 iiiiidelicit
398 3620 1019 3790 aniimininiiiieariasiuoecsiffsiiie
1035 3624 1219 3798 ciiiiiaii
1254 3627 1348 3795 tcesse

131 3814 323 3906 Philippo,
357 3810 520 3884 Franciae
544 3812 663 3907 Rege,
695 3807 755 3907 qui
786 3810 1043 3910 lngelbntgen,
1076 3816 1172 3912 regis
1205 3747 1347 3894 Domiti}

129 3915 262 3995 filiam,
294 3903 479 4000 legitimam
537 3930 576 3979 er
608 3905 800 3979 triennium
833 3908 1040 4006 conjugem,
1077 3913 1346 4007 repudiaverat,

87 4080 91 4086 .
128 4019 341 4124 praetextu,
364 4002 474 4082 volco
512 4027 552 4096 a,
577 3999 854 4102 propinquitatis
879 4004 1072 4102 sanguinis,
1096 4025 1152 4104 et,
1184 4009 1350 4088 divortio

1181 4129 1204 4184 a
1225 4106 1349 4207 Regni
