3022 4806
561 535 668 611 Satul.
696 533 795 614 XIV.
1222 546 1292 636 3'71

133 736 239 815 1311.
271 709 439 788 Viennae
469 711 717 809 Allobrogum,
743 713 785 788 ad
817 712 965 791 fluvium
991 713 1225 805 Rhodanum,
1251 734 1291 792 et

109 835 136 885 tn
167 815 210 886 ad
244 809 464 899 Danubium,
489 833 577 904 quae
602 811 883 885 Vindebonensts
915 815 1056 907 proprie
1080 813 1282 910 adpellatur.

109 910 192 983 lusae
222 905 364 977 fuerunt
393 906 529 994 variae,
564 905 601 980 in
626 907 817 1002 diplomate
848 910 1119 983 convocationis
1143 908 1284 1002 expres·

109 1031 141 1092 e,
166 1003 223 1075 sed
256 1001 344 1073 aliae
374 1003 602 1094 accesloriae,
630 1004 715 1077 aliae
747 1004 978 1100 principales,
1008 1027 1040 1078 r.
1069 1002 1225 1078 discussio
1248 1021 1285 1076 et

109 1094 314 1172 ndemnatio
345 1094 644 1192 Templuriorum:
669 1120 860 1194 eorumque
884 1098 1102 1196 exstirpatio.
1133 1123 1166 1173 2.
1193 1100 1283 1172 Sub·

109 1196 188 1270 lium
214 1214 327 1266 terrae
353 1192 504 1281 sanstae,
530 1196 672 1290 ejusque
696 1195 928 1289 recuperatio.
965 1221 998 1291 3.
1024 1194 1125 1269 Fidei
1152 1194 1283 1268 Catho-

109 1317 154 1367 ae
186 1288 409 1362 confirmatio
439 1308 563 1361 contra
595 1288 833 1379 Fratricelloa,
870 1290 1102 1381 Dulcinistas,
1129 1293 1282 1388 Beguar·

109 1416 130 1465 a
160 1408 198 1461 et
228 1386 398 1480 Beguinas
449 1407 484 1472 4.
511 1387 655 1458 Morum
678 1403 714 1457 et
738 1383 940 1482 disciplinae
962 1388 1180 1463 reformatio.
1230 1390 1283 1463 Ut

110 1509 183 1562 tem
224 1482 370 1574 collapsa
409 1479 586 1573 disciplina
627 1503 670 1554 eo
708 1481 838 1555 rectius
877 1483 1146 1570 instauraretur,
1182 1482 1280 1580 jussit

109 1607 178 1682 pa,
204 1597 259 1663 ut,
284 1598 370 1673 quae
403 1574 654 1650 reformatione
675 1577 899 1674 indigebant,
924 1603 964 1654 ea
988 1579 1028 1652 ad
1055 1578 1280 1674 Synoauma

110 1676 293 1755 udentibus
325 1670 408 1744 vitis
441 1671 671 1746 deferrentur.
720 1675 825 1747 Unde
850 1674 1013 1748 Gulielmi
1039 1675 1197 1748 Duraudi
1221 1698 1282 1747 ce·

109 1781 171 1852 >ris
196 1772 261 1846 isle
288 1769 470 1855 tractatus,
494 1769 532 1840 de
547 1771 633 1842 mado
648 1772 811 1864 generalis
828 1772 947 1866 Synodi
964 1773 1194 1860 celebrandae,
1221 1792 1280 1842 ou·

109 1901 121 1951 s
145 1868 206 1944 est.
257 1867 340 1938 Fuit
369 1862 430 1935 iste
455 1863 522 1936 viri
547 1864 788 1959 cognominis,
813 1867 857 1938 de
883 1891 953 1962 quo
979 1868 1091 1941 seculo
1119 1865 1277 1951 superio·

127 1968 221 2052 dixi,
262 1984 391 2054 nepos,
432 1978 467 2030 et
494 1959 529 2032 in
560 1960 765 2032 Mimatensr
798 1960 1011 2055 Episcopatu
1041 1962 1212 2034 successor
1237 1962 1280 2031 ab

122 2068 231 2154 1²9⁶·
280 2056 361 2154 Quo
384 2054 421 2128 in
449 2054 613 2139 tractatu,
639 2054 698 2148 qui
726 2077 806 2127 cum
832 2054 929 2141 aliis,
960 2057 1012 2128 uti
1037 2056 1176 2128 Nicolai
1200 2056 1279 2127 Cle·

109 2160 223 2254 angis,
240 2155 276 2226 de
295 2148 716 2244 cantaploEccsefiatstata
732 2167 821 2238 etc„
842 2149 969 2248 prodiit
977 2150 1148 2224 Parisiisa.
1163 2157 1282 2245 1671,

110 2275 247 2333 >manae
264 2247 525 2331 curiae,Cleri,
543 2265 578 2318 et
594 2247 854 2320 Monachorum
872 2244 960 2321 vitia
976 2245 1067 2320 viris
1085 2247 1282 2345 depingun-

117 2347 329 2424 *coloribus
381 2340 584 2414 Recensrtus
615 2365 753 2439 quoque
779 2341 829 2416 est
853 2343 940 2415 liber
967 2342 1031 2416 iste
1062 2341 1100 2417 in
1126 2345 1282 2439 Catalogo

122 2452 142 2526 l.
178 2447 283 2519 Venit.
309 2438 364 2512 lib.
389 2437 494 2511 XVl.
545 2439 689 2532 Synodo
714 2437 885 2534 praesedit
922 2441 1082 2512 Clemens
1114 2438 1188 2532 V.,
1218 2444 1280 2513 ad·

131 2560 231 2628 runt,
270 2534 456 2609 secundum
489 2538 738 2607 continuatorem
773 2533 942 2607 Claronici
971 2532 1167 2630 Nangiaci,
1206 2557 1278 2626 114
1381 2550 1388 2559 ·

139 2637 235 2732 scopi
261 2651 298 2704 et
323 2632 497 2718 Abbates,
529 2628 586 2703 sed
617 2625 805 2702 secundum
836 2628 969 2703 Villani
993 2649 1031 2702 et
1055 2629 1277 2704 Antoninum

147 2792 156 2812 ‚
204 2725 443 2803 iuterfuerunt
476 2721 580 2798 etiam
611 2723 831 2815 Patriarchae
863 2721 1113 2798 Alexandrinus
1139 2743 1174 2795 et
1200 2725 1277 2799 An·

152 2848 270 2913 tenus,
299 2822 384 2896 ritus
410 2819 537 2894 Latini.
585 2819 749 2892 Absoluta
780 2816 832 2893 est
855 2820 964 2892 tribus
994 2817 1213 2910 sessionibus,
1239 2840 1279 2896 et
1318 2895 1323 2902 ,

159 2950 204 2999 ειη
236 2920 368 2993 menses
397 2916 543 2989 duravit.
601 2914 756 2987 Decreta
795 2914 946 3011 denique
976 2911 1055 2986 sunt
1088 2915 1279 3011 sequentia.

165 3014 414 3114 'emplariorum
443 3008 642 3097 excidium,
685 3008 788 3083 bonis
819 3033 937 3083 eorum
968 3007 1186 3103 dispositioni
1215 3015 1280 3087 Pa·

173 3139 222 3190 tro
246 3130 342 3210 parte
364 3105 509 3181 telidlis:
534 3105 667 3202 dequo
692 3104 820 3200 postea.
874 3127 907 3181 a.
930 3104 1122 3200 Expeditio
1137 3109 1283 3182 crucia·

180 3232 303 3285 tetram
320 3201 486 3276 fandlum:
513 3225 612 3296 quam
631 3201 787 3295 promisit
803 3199 993 3297 Philippus,
1019 3199 1153 3274 Galliae
1170 3202 1276 3296 Rex,

187 3328 233 3381 rm
259 3310 293 3375 in
317 3302 425 3374 finem
449 3296 561 3370 sacrae
593 3297 749 3368 decimae
773 3298 810 3369 in
842 3294 1043 3370 sexennium
1068 3295 1145 3368 suot
1168 3298 1279 3398 adsrg·

216 3398 273 3474 fed
301 3397 337 3469 in
363 3417 488 3465 vanum
514 3391 653 3466 cecidit.
702 3393 788 3466 Vid.
815 3389 999 3466 Kranrzius
1025 3391 1196 3466 Saroniae
1214 3397 1276 3475 lib.

201 3522 230 3595 3.
257 3493 425 3591 Jolrannis
458 3486 552 3560 Olivi
587 3505 656 3558 tres
686 3508 849 3560 erroneae
885 3485 1073 3583 opiniones
1097 3487 1280 3570 damnatae

209 3591 295 3666 Vid.
320 3582 534 3662 clementina
551 3579 659 3677 prima
674 3584 711 3654 de
727 3583 795 3681 fiale
814 3584 988 3659 Catlrolica.
1038 3584 1123 3658 Sunt
1140 3603 1280 3679 autem,

215 3683 405 3771 amorrui,
446 3677 572 3753 Christi
602 3678 715 3752 adhuc
748 3679 903 3755 viventia
939 3682 1028 3755 latus
1059 3681 1178 3758 lancea
1211 3682 1282 3757 esse
1334 3684 1337 3692 '

227 3810 279 3873 m,
309 3782 457 3852 animam
491 3774 687 3849 rationalem
720 3797 790 3848 non
822 3776 892 3852 elle
915 3797 979 3873 per
1006 3776 1041 3850 se
1064 3795 1101 3850 et
1123 3777 1280 3852 essentia·

229 3903 325 3953 mam
362 3871 532 3970 corporis,
572 3870 723 3965 denique
758 3871 915 3947 habitum
952 3869 1036 3945 fidei
1066 3890 1103 3944 et
1137 3872 1281 3953 virtutis

238 3977 311 4057 rudi
337 3970 488 4072 parvulis
510 3966 545 4046 in
571 3968 747 4136 bapgsmo.
794 3991 830 4061 4.
853 3964 1040 4063 Proscripti
1070 3965 1183 4138 etia&
1201 3964 1283 4048 sont

673 4085 719 4139 aa
743 4084 768 4145 a,
806 4123 815 4149 .
1183 4082 1285 4163 guar·¹
