3022 4806
132 615 212 693 ,ω
516 601 666 701 Historia
689 604 819 709 Ectlrs.
841 610 962 714 claust.
1035 582 1038 587 ⁵

139 789 275 869 crimen
292 785 486 861 committit
510 782 671 880 capitale.
721 787 759 862 Si
785 812 913 888 negare
936 790 1134 887 perseveret
1174 793 1366 885 tumtum

136 887 210 963 lico
239 907 276 958 er
296 906 448 979 martyre
480 877 535 986 est,
557 880 746 955 secundum
775 886 869 999 ipsor
903 887 1088 963 babendurt
1137 812 1365 986 &reingere

136 985 255 1079 itique
269 978 405 1076 potest,
426 1001 462 1052 ut
482 999 554 1072 qius
574 998 637 1073 per
655 978 760 1074 ipsam
779 981 965 1055 Ecclesiam
984 980 1196 1071 catholicam
1211 1006 1365 1067 corone2

138 1097 196 1155 tur
215 1073 392 1170 martyrio.
446 1081 481 1146 ό.
500 1071 616 1181 Delati
639 1072 754 1170 seipsi
773 1078 903 1151 debent
922 1074 1103 1168 accusare,
1128 1101 1244 1177 eoque
1259 1083 1365 1176 saepe

137 1197 200 1271 per
223 1192 369 1244 carceris
391 1170 567 1255 taedium,
591 1190 841 1267 inmanemque
864 1191 1059 1263 torturam,
1084 1196 1172 1270 quae
1197 1176 1263 1250 bic
1287 1197 1365 1249 orn·

140 1271 234 1343 nium
262 1265 313 1338 esl
336 1263 586 1350 crudelissima,
617 1264 817 1361 adiguntur.
869 1288 903 1360 7.
928 1267 1217 1368 Qualescunque,
1241 1270 1362 1361 ‘etiarn

139 1359 349 1450 satanicae,
383 1382 474 1434 artes
498 1360 541 1434 ad
566 1381 665 1433 reum
692 1359 921 1436 irretiendum
958 1362 1179 1437 adhibentur.
1230 1371 1266 1447 8.
1291 1363 1366 1441 Ad·

139 1457 258 1536 vocati
293 1453 419 1529 dantur
449 1453 636 1530 secundum
676 1457 856 1532 arbitrium
887 1457 1122 1553 Inquisitorir,
1156 1458 1365 1557 juramento

148 1549 306 1628 obstridli
332 1552 441 1626 etiarn
464 1552 506 1626 ad
530 1551 645 1625 omnia
667 1551 719 1626 rei
742 1573 879 1643 arcana,
905 1575 992 1650 quae
1014 1554 1236 1645 audiverint,
1259 1576 1364 1629 reve·

143 1646 256 1725 nuda.
309 1669 344 1738 9.
370 1646 552 1736 Absoluti,
575 1645 670 1745 quod
693 1645 903 1723 insufficiens
925 1646 967 1720 srt
990 1649 1172 1744 probatio,
1192 1648 1238 1723 de¹
1263 1671 1361 1724 novo

143 1741 264 1840 postea
290 1741 481 1817 conveniri
505 1740 669 1838 possunt,
701 1741 725 1815 st
751 1745 858 1816 modo
881 1767 976 1817 nova
1006 1742 1187 1819 accesserit
1209 1744 1365 1836 delatio,

141 1863 230 1941 quae
256 1841 361 1912 etiam
387 1862 467 1913 cum
491 1837 608 1933 priore
634 1837 822 1933 conjuodla
847 1837 921 1911 vim
956 1838 1058 1912 habet
1082 1840 1273 1936 probandi,
1311 1841 1365 1922 ita

141 1957 183 2011 ut
215 1959 320 2010 nemo
356 1931 495 2007 securus
526 1929 604 2026 post
635 1931 890 2007 absolutionem
920 1933 989 2006 else
1024 1953 1138 2031 queat.
1204 1958 1264 2011 10.
1291 1934 1365 2011 Pro'

142 2036 309 2109 damnato
331 2027 553 2103 intercedunt
583 2026 673 2124 apud
685 2028 838 2124 judicem
862 2028 1064 2116 secularem,
1082 2050 1127 2102 ue
1158 2050 1280 2104 morte
1299 2030 1367 2107 ad·

143 2131 302 2218 liniatur,
346 2148 446 2223 quam
478 2144 592 2198 tamen
620 2121 685 2197 nist
719 2122 858 2220 infligat
884 2123 1010 2220 judex,
1047 2123 1084 2197 iri
1114 2123 1370 2201 severissimam·

143 2223 295 2300 incurrit
318 2246 479 2319 poenam.
535 2244 590 2296 rr.
608 2218 788 2388 Denipue,
813 2242 858 2294 ne
876 2220 1085 2292 demortuis
1108 2218 1246 2312 dicam,
1274 2245 1365 2296 con·

145 2341 198 2395 tra
223 2342 308 2415 quos
333 2319 483 2391 saevitur
507 2316 612 2410 usque
641 2314 684 2387 ad
721 2317 838 2389 iberos
869 2333 906 2388 er
931 2313 1113 2405 haeredes,
1156 2335 1284 2413 quanta
1309 2314 1365 2392 est

143 2417 180 2488 in
208 2412 412 2497 tormentis,
445 2431 481 2482 et
508 2410 794 2500 vivicomburio,
822 2410 1032 2482 crudelitas?
1059 2434 1126 2485 nec
1149 2434 1223 2485 nou
1249 2411 1363 2486 irrac-

145 2514 245 2582 tione
265 2507 319 2577 illa
344 2503 457 2576 fidei?
481 2522 606 2596 quanta
629 2501 664 2573 iu
683 2502 771 2593 illis,
798 2503 856 2600 qui
875 2506 1119 2596 absolvuntur,
1145 2509 1362 2580 exercetur?

143 2626 184 2679 ut
222 2624 268 2674 ex
308 2597 428 2691 poenis
467 2595 716 2672 Ecclesiasticir
755 2622 795 2672 ac
836 2599 1142 2695 poenitentialibus
1182 2601 1360 2677 elucescit.

147 2724 205 2775 12.
230 2693 427 2783 Postremo,
454 2717 555 2788 quam
572 2696 640 2765 late
656 2695 859 2768 extenditur
869 2695 1053 2768 haereseos
1069 2697 1232 2770 crimen?
1256 2719 1365 2792 quatu

144 2796 247 2872 facile
280 2791 357 2888 quit
389 2787 561 2886 suspector
591 2786 664 2862 fieri
694 2786 831 2886 potest,
874 2810 912 2863 et
944 2813 1062 2865 coram
1093 2792 1164 2865 hoc
1198 2791 1367 2870 tribunali

146 2892 243 2970 filli?
1287 2953 1291 2961 .

193 2988 224 3085 s.
250 2978 475 3058 CCXXXIll.
508 2975 684 3077 Mysterio
716 2978 908 3078 iniquitatis
941 2979 977 3053 in
1015 2981 1128 3054 lucem
1159 2980 1367 3080 protrabl03

148 3083 284 3176 originis
309 3094 341 3151 rr
366 3070 546 3171 progreffur
570 3074 644 3168 ejus
666 3074 810 3175 historia
834 3077 1030 3153 summatim
1054 3077 1157 3151 restat
1183 3080 1367 3156 tradenda.

146 3177 328 3272 Postquam
352 3195 415 3266 per
439 3169 673 3265 Raynerium‚
699 3190 735 3244 et
757 3173 840 3253 dein
862 3172 1109 3261 nemincum,
1136 3171 1270 3270 aPapir
1286 3199 1372 3254 curn

79 3268 84 3274 ’
147 3274 249 3373 plena
273 3264 446 3368 potestate
470 3268 512 3339 ad
536 3265 732 3340 haereticos
756 3268 994 3363 exstirpandos
1020 3268 1178 3357 emissos,
1205 3271 1371 3369 utsupra

145 3365 270 3456 retuli,
295 3364 521 3439 fundamenta
538 3359 775 3458 lnquisrtionir
798 3363 908 3437 essent
929 3364 1039 3460 jacta,
1064 3362 1189 3437 deinde
1210 3384 1269 3441 res
1294 3391 1372 3446 nou

146 3484 282 3543 tantum
307 3484 370 3557 per
395 3456 602 3555 Albigenser
627 3456 719 3532 bello
743 3458 917 3546 subustos,
943 3457 1118 3554 variasque
1143 3459 1179 3533 in
1203 3461 1372 3541 conciliir

148 3577 273 3638 contra
297 3554 490 3630 haereticos
515 3549 801 3644 constitutiones,
826 3557 869 3629 de
892 3556 1016 3649 quibus
1043 3555 1140 3650 supra
1163 3556 1271 3631 etiam
1292 3584 1372 3634 mo·

146 3658 229 3737 nui,
261 3651 392 3739 editas,
424 3652 507 3724 ellet
529 3669 713 3744 promota,
753 3651 809 3723 sed
835 3671 872 3723 rt
898 3647 1075 3724 Frederici
1101 3652 1145 3722 ll.
1171 3653 1371 3733 adceflisset

147 3751 318 3830 edidlum.
346 3764 463 3816 ortum
489 3745 627 3825 tandem
649 3765 693 3817 ert
718 3743 772 3815 hir
796 3744 982 3840 principiis
1008 3744 1058 3817 est
1085 3747 1281 3840 separatum
1307 3752 1373 3827 ali·

148 3849 240 3949 quod
265 3837 412 3915 tribunal
437 3861 466 3910 a.
488 3857 595 3925 1251.
627 3836 686 3910 sub
716 3839 928 3913 Innocentio
954 3842 1021 3916 IV.
1072 3840 1196 3935 Viguit
1220 3847 1372 3939 quidem

148 3965 230 4025 ante
253 3940 335 4014 illud
356 3955 494 4019 tempus
511 3932 712 4026 mquissrm,
739 3934 790 4006 uti
813 3934 850 4008 in
874 3936 1029 4031 partibus
1053 3936 1249 4028 Tolosanir,
1281 3943 1371 4018 Gal.

148 4044 213 4139 lia,
230 4059 267 4119 et
288 4026 727 4132 lulia‚licclefiasticorum
744 4029 851 4127 etiarn
868 4052 907 4109 et
924 4031 1125 4137 secularium
1140 4033 1294 4117 decretis
1309 4042 1374 4113 fir·

1252 4151 1374 4235 matr,
