3022 4806
136 614 165 704 λ’
520 606 668 709 saisieris
691 607 817 710 Eccles.
843 608 958 710 Christ.

145 784 246 861 latius
267 787 289 862 l.
315 786 361 862 11.
388 808 419 861 c.
456 807 513 862 20.
548 810 692 883 operam
723 786 904 863 Aristoteli
939 786 1134 864 illustrando
1168 791 1353 889 inpendit3

123 886 187 956 'et
212 883 347 958 exstant
369 883 616 956 commentarii
640 887 714 979 ejus
741 886 779 958 in
811 884 1003 979 posteriora
1026 889 1215 980 analytica,
1246 908 1290 963 ‘ac
1316 915 1354 961 e·

145 979 241 1052 thica
273 978 483 1053 Aristotelis.
550 982 708 1053 Nicolaus
739 979 979 1071 Merionensts,
1031 986 1069 1055 in
1105 987 1350 1080 Peloponneso

142 1075 400 1172 Metropolim,
425 1077 523 1168 plura
559 1094 680 1149 contra
711 1079 857 1153 Latinos
886 1078 1040 1172 scripsit,
1067 1097 1105 1150 ut
1131 1081 1174 1152 de
1197 1083 1351 1155 Primam

144 1172 278 1268 Papae,
311 1170 527 1265 procelstone
551 1172 697 1280 Spiritus
720 1175 780 1264 S.,
812 1173 962 1268 azymis,
994 1173 1131 1270 jejunio
1160 1197 1197 1248 et
1225 1179 1350 1270 conju·

142 1268 226 1366 gio:
260 1267 317 1339 sed
343 1287 490 1362 quotum
513 1264 601 1339 nilul
624 1266 735 1344 exstat
762 1269 907 1343 editum.
958 1271 1114 1344 Tantum
1141 1273 1247 1345 breve
1273 1277 1350 1368 ejus

143 1362 312 1459 scriptum
334 1363 379 1435 de
401 1380 527 1455 corpore
549 1376 581 1433 er
597 1360 760 1459 sauguine
783 1364 919 1455 Clrrillr',
943 1385 1069 1440 contra
1092 1389 1171 1456 eos,
1198 1369 1255 1465 qui
1284 1383 1347 1442 du·

142 1458 325 1547 bitabant,
352 1478 437 1529 num
462 1455 559 1554 panis
577 1466 797 1534 conlectatus
816 1459 856 1532 lit
882 1481 1006 1554 corpus
1036 1460 1184 1552 Christi,
1209 1467 1347 1560 prodiit

142 1553 239 1630 inter
272 1552 449 1649 Liturgias
479 1553 624 1649 Jacobi,
658 1554 772 1629 Basilii
797 1574 890 1646 etc,
923 1555 1007 1629 edit.
1033 1557 1136 1631 Paris.
1170 1579 1203 1629 a.
1236 1568 1344 1650 1560.

142 1650 267 1724 Nicetu
290 1649 424 1736 Ser‘dus,
457 1646 604 1722 Latinos
627 1649 835 1745 antiquitate
868 1649 1008 1746 gloriari
1041 1656 1345 1746 animadvertens,

143 1744 305 1820 exaravit
331 1744 553 1842 opusculum,
585 1767 645 1817 nou
666 1742 859 1842 simpliciter
890 1750 1025 1841 antiqua
1057 1750 1146 1820 nuris
1178 1756 1347 1823 uenerabi-

142 1842 226 1916 lioru
250 1859 343 1929 etc.,
367 1840 459 1913 unde
485 1837 590 1913 multa
613 1840 781 1936 produxit
807 1841 1003 1937 fragmenta
1017 1844 1095 1917 Leo
1112 1843 1259 1918 Allatius
1285 1850 1342 1922 lib.

140 1934 201 2014 cit.
231 1934 335 2009 variis
362 1934 395 2007 iu
423 1935 528 2026 locis,
564 1934 617 2009 uti
650 1936 680 2010 l:
716 1958 774 2028 24,
805 1937 852 2009 ll:
888 1959 920 2010 a.
946 1956 983 2009 et
1006 1938 1071 2013 lll:
1099 1959 1155 2010 12.
1203 1940 1349 2032 Bcstlr'us

140 2033 367 2123 Acltrideuus,
415 2032 538 2105 Metrb
565 2028 649 2104 olita
691 2030 1033 2120 Thessalonicensis,
1083 2032 1125 2106 ad
1173 2037 1350 2114 Ecclesiae

25 2156 26 2159 ‘
140 2130 319 2216 Graecae,
347 2146 508 2224 tanquam
537 2124 783 2217 chismaticae,
810 2128 1082 2202 renunciandum
1105 2148 1125 2198 a
1147 2132 1240 2226 Papa
1270 2138 1346 2209 Ha·

139 2225 266 2301 driano
297 2223 482 2314 incitatus,
524 2227 649 2320 scripta
681 2223 725 2297 ad
757 2245 838 2297 eum
870 2223 1042 2319 Epistola,
1081 2247 1170 2319 quae
1209 2231 1271 2305 Gr.
1304 2254 1352 2307 ec

138 2322 220 2395 Lat.
245 2316 354 2392 exstat
378 2318 416 2389 in
436 2323 515 2414 jure
540 2317 844 2404 Graeco-Romano,
878 2337 914 2389 et
940 2319 1064 2390 Latine
1087 2322 1177 2411 apud
1203 2325 1353 2401 Baroni-

138 2440 219 2505 um,
250 2411 482 2500 demonstrat,
516 2412 687 2486 Graecam
708 2435 778 2486 non
801 2409 871 2485 effe
897 2412 1169 2503 schismaticam,
1203 2443 1270 2493 nec
1303 2447 1345 2498 ea

138 2511 210 2587 else
234 2506 446 2602 superiorem
474 2509 687 2596 Romanam,
721 2525 828 2604 negat
852 2529 990 2603 quoque
1022 2510 1238 2604 quaestiones
1270 2517 1343 2593 illas

137 2606 210 2684 effe
235 2601 329 2678 fidei.
380 2605 581 2678 Andronicus
598 2606 813 2700 Camatcrus,
836 2602 895 2678 sub
921 2606 1087 2678 Manuele
1115 2609 1342 2705 loperatore,

137 2701 199 2804 qui
220 2702 263 2775 ab
287 2723 317 2773 a.
346 2722 449 2793 1153.
475 2698 517 2772 ad
546 2707 650 2779 1180.
675 2697 847 2797 praeluit,
880 2699 1075 2773 Praefestus
1099 2708 1191 2777 urbis
1218 2708 1342 2800 CPol.,
1397 2731 1400 2737 ·

137 2801 194 2877 vir
215 2797 420 2874 admirabilis
444 2793 556 2868 diuus
579 2796 725 2884 Vecco,
749 2794 809 2892 qui
824 2794 939 2871 seculo
961 2797 1126 2891 sequente
1144 2822 1265 2876 contra
1289 2804 1343 2900 ip·

135 2900 211 2977 sum
235 2891 389 2988 scripsit,
423 2889 536 2964 edidit
560 2912 696 2986 quoque
718 2887 882 2986 quaedam
906 2912 1029 2964 contra
1059 2893 1221 2982 Latinos,
1257 2921 1343 2996 quo.

135 2990 218 3074 rum
240 3006 377 3085 partem
401 2987 445 3060 de
467 2985 682 3081 proceflione
714 2986 864 3081 Spiritus
898 2988 933 3060 S.
968 2985 1135 3062 refutavit
1165 2993 1343 3085 Johannes

135 3093 302 3173 Veccus‚
335 3080 532 3155 Patriarcha
560 3082 663 3156 CPol.
690 3084 733 3156 ab
759 3104 790 3155 a.
819 3104 923 3175 ¹274·
952 3084 1108 3176 vulgavit
1132 3088 1208 3158 Leo
1244 3091 1338 3166 Alla-

136 3187 205 3266 tius
227 3180 263 3253 in
296 3180 437 3252 Graecia
469 3179 667 3251 Ortltodoxu.
714 3180 893 3252 Praeterea
924 3179 1080 3271 Georgius
1115 3184 1335 3279 Corcyrcnsts,

14 3286 17 3292 ’
134 3273 372 3371 Metropolim
405 3276 599 3368 Corcyrae,
643 3274 702 3346 sub
733 3274 901 3346 Manuele
932 3277 1144 3362 comneno,
1188 3287 1232 3351 de
1266 3308 1343 3378 qun

134 3379 209 3456 vid.
236 3375 313 3445 Leo
336 3370 484 3445 Allatius
516 3370 561 3443 de
594 3371 761 3463 oengus,
794 3367 927 3465 scripsit
958 3393 1081 3443 contra
1115 3373 1260 3449 Latinos
1290 3365 1337 3452 ‘de

132 3471 339 3575 purgatorio,
366 3467 464 3560 cujus
487 3465 721 3561 fragmentum
744 3465 890 3540 exhibet
913 3467 990 3538 Leo
1015 3467 1155 3539 Allatius
1176 3471 1221 3543 de
1244 3475 1355 3547 libris

129 3562 372 3659 Ecclcfiallicis
397 3564 589 3639 Graecorum
611 3559 741 3639 differt.
766 3562 833 3649 ll.,
857 3584 924 3635 nec
949 3584 1017 3634 non
1043 3564 1086 3635 de
1102 3585 1240 3660 azylum
1267 3574 1342 3666 plu.

130 3692 188 3749 ses
212 3662 360 3757 denique
384 3655 564 3753 epistolas,
596 3679 740 3753 quarum
767 3657 893 3753 aliquas
917 3657 1072 3731 recenset
1098 3660 1267 3736 Batonius
1298 3667 1337 3742 in

130 3756 321 3846 Annalibus
347 3774 432 3828 tom.
458 3756 540 3828 Xll.
592 3753 792 3828 Acerrimas
814 3750 918 3826 etiam
944 3752 1013 3827 fuit
1038 3754 1242 3831 Latinorum
1275 3763 1336 3836 ad·

129 3854 301 3942 versarius
333 3851 485 3925 Muluu
520 3850 729 3938 Anchialus,
767 3846 967 3923 Patriarcha
1010 3851 1112 3924 CPol.
1152 3875 1183 3927 a.
1226 3864 1334 3950 1167.

179 3978 236 4032 em
259 3967 435 4036 autorem,
462 3967 599 4043 praeter
624 3946 763 4018 decreta
788 3945 954 4039 quaedam
981 3945 1165 4044 Synodalia
1189 3947 1226 4022 in
1250 3954 1353 4048 Jure.

130 3982 475 4140 alianto-Romano,
506 4035 615 4138 habet
626 4041 779 4140 dialogus·
788 4062 872 4119 cum
886 4043 1078 4137 Manuele,
1098 4065 1173 4140 ¹quo
1198 4062 1346 4149 tempo-,⁴

128 4139 252 4252 ῗ.
1305 4167 1346 4239 r·
