<?xml version="1.0" encoding="UTF-8"?>
<!DOCTYPE html PUBLIC "-//W3C//DTD XHTML 1.0 Transitional//EN"
    "http://www.w3.org/TR/xhtml1/DTD/xhtml1-transitional.dtd">
<html xmlns="http://www.w3.org/1999/xhtml" xml:lang="en" lang="en">
 <head>
  <title>
</title>
<meta http-equiv="Content-Type" content="text/html;charset=utf-8" />
  <meta name='ocr-system' content='tesseract 3.04.00' />
  <meta name='ocr-capabilities' content='ocr_page ocr_carea ocr_par ocr_line ocrx_word'/>
</head>
<body>
  <div class='ocr_page' id='page_1' title='image "./hermannivenemai00venegoog_0443.png"; bbox 0 0 3022 4806; ppageno 0'>
   <div class='ocr_carea' id='block_1_1' title="bbox 129 530 959 699">
    <p class='ocr_par' dir='ltr' id='par_1_1' title="bbox 129 530 959 699">
     <span class='ocr_line' id='line_1_1' title="bbox 129 530 959 699; baseline -0.016 -27"><span class='ocrx_word' id='word_1_1' title='bbox 129 600 204 699; x_wconf 73' lang='lat' dir='ltr'>„r</span> <span class='ocrx_word' id='word_1_2' title='bbox 521 530 959 683; x_wconf 54' lang='lat' dir='ltr'>inpositiscentum</span> 
     </span>
    </p>
   </div>
   <div class='ocr_carea' id='block_1_2' title="bbox 136 758 1357 881">
    <p class='ocr_par' dir='ltr' id='par_1_2' title="bbox 136 758 1357 881">
     <span class='ocr_line' id='line_1_2' title="bbox 136 758 1357 881; baseline 0 -34"><span class='ocrx_word' id='word_1_3' title='bbox 136 766 255 881; x_wconf 86' lang='lat' dir='ltr'>palatii</span> <span class='ocrx_word' id='word_1_4' title='bbox 280 758 470 873; x_wconf 74' lang='lat' dir='ltr'>Magister:</span> <span class='ocrx_word' id='word_1_5' title='bbox 495 761 588 836; x_wconf 90' lang='lat' dir='ltr'>unde</span> <span class='ocrx_word' id='word_1_6' title='bbox 612 761 649 835; x_wconf 83' lang='lat' dir='ltr'>se</span> <span class='ocrx_word' id='word_1_7' title='bbox 672 762 717 835; x_wconf 91' lang='lat' dir='ltr'>ad</span> <span class='ocrx_word' id='word_1_8' title='bbox 750 763 984 840; x_wconf 87' lang='lat' dir='ltr'>concionandi</span> <span class='ocrx_word' id='word_1_9' title='bbox 1011 762 1164 848; x_wconf 78' lang='lat' dir='ltr'>officinm</span> <span class='ocrx_word' id='word_1_10' title='bbox 1191 770 1357 865; x_wconf 74' lang='lat' dir='ltr'>eontulit,</span> 
     </span>
    </p>
   </div>
   <div class='ocr_carea' id='block_1_3' title="bbox 141 856 1368 3727">
    <p class='ocr_par' dir='ltr' id='par_1_3' title="bbox 141 856 1368 3727">
     <span class='ocr_line' id='line_1_3' title="bbox 142 856 1355 967; baseline 0.002 -27"><span class='ocrx_word' id='word_1_11' title='bbox 142 893 214 967; x_wconf 90' lang='lat' dir='ltr'>quo</span> <span class='ocrx_word' id='word_1_12' title='bbox 247 864 391 956; x_wconf 78' lang='lat' dir='ltr'>triginta</span> <span class='ocrx_word' id='word_1_13' title='bbox 431 880 542 931; x_wconf 79' lang='lat' dir='ltr'>annos</span> <span class='ocrx_word' id='word_1_14' title='bbox 597 879 636 929; x_wconf 88' lang='lat' dir='ltr'>er</span> <span class='ocrx_word' id='word_1_15' title='bbox 661 856 889 953; x_wconf 80' lang='lat' dir='ltr'>Hispaniam,</span> <span class='ocrx_word' id='word_1_16' title='bbox 922 861 1097 955; x_wconf 84' lang='lat' dir='ltr'>Galliam,</span> <span class='ocrx_word' id='word_1_17' title='bbox 1135 870 1297 963; x_wconf 82' lang='lat' dir='ltr'>itariam,</span> <span class='ocrx_word' id='word_1_18' title='bbox 1320 884 1355 943; x_wconf 87' lang='lat' dir='ltr'>et</span> 
     </span>
     <span class='ocr_line' id='line_1_4' title="bbox 141 880 1353 1064; baseline 0.001 -30"><span class='ocrx_word' id='word_1_19' title='bbox 141 967 356 1042; x_wconf 81' lang='lat' dir='ltr'>Britanniam</span> <span class='ocrx_word' id='word_1_20' title='bbox 382 952 518 1027; x_wconf 73' lang='lat' dir='ltr'>lintius</span> <span class='ocrx_word' id='word_1_21' title='bbox 542 880 604 1027; x_wconf 66' lang='lat' dir='ltr'>ei.</span> <span class='ocrx_word' id='word_1_22' title='bbox 655 954 753 1062; x_wconf 63' lang='lat' dir='ltr'>iiiia</span> <span class='ocrx_word' id='word_1_23' title='bbox 777 956 822 1028; x_wconf 89' lang='lat' dir='ltr'>de</span> <span class='ocrx_word' id='word_1_24' title='bbox 839 958 915 1052; x_wconf 87' lang='lat' dir='ltr'>ejus</span> <span class='ocrx_word' id='word_1_25' title='bbox 936 959 1131 1051; x_wconf 85' lang='lat' dir='ltr'>miraculis,</span> <span class='ocrx_word' id='word_1_26' title='bbox 1154 956 1194 1064; x_wconf 73' lang='lat' dir='ltr'>et</span> <span class='ocrx_word' id='word_1_27' title='bbox 1218 968 1353 1041; x_wconf 86' lang='lat' dir='ltr'>concio·</span> 
     </span>
     <span class='ocr_line' id='line_1_5' title="bbox 143 1048 1352 1159; baseline 0.006 -29"><span class='ocrx_word' id='word_1_28' title='bbox 143 1084 227 1138; x_wconf 85' lang='lat' dir='ltr'>nuni</span> <span class='ocrx_word' id='word_1_29' title='bbox 255 1050 406 1135; x_wconf 76' lang='lat' dir='ltr'>effeiiu,</span> <span class='ocrx_word' id='word_1_30' title='bbox 434 1069 631 1124; x_wconf 75' lang='lat' dir='ltr'>narrentur:</span> <span class='ocrx_word' id='word_1_31' title='bbox 656 1048 785 1143; x_wconf 89' lang='lat' dir='ltr'>ipsum,</span> <span class='ocrx_word' id='word_1_32' title='bbox 808 1072 865 1126; x_wconf 76' lang='lat' dir='ltr'>ex.</span> <span class='ocrx_word' id='word_1_33' title='bbox 898 1074 973 1149; x_wconf 82' lang='lat' dir='ltr'>gn,</span> <span class='ocrx_word' id='word_1_34' title='bbox 1006 1076 1053 1149; x_wconf 80' lang='lat'>35</span> <span class='ocrx_word' id='word_1_35' title='bbox 1077 1060 1185 1135; x_wconf 84' lang='lat' dir='ltr'>millia</span> <span class='ocrx_word' id='word_1_36' title='bbox 1212 1064 1352 1159; x_wconf 72' lang='lat' dir='ltr'>Judeeo·</span> 
     </span>
     <span class='ocr_line' id='line_1_6' title="bbox 143 1144 1353 1240; baseline 0.001 -10"><span class='ocrx_word' id='word_1_37' title='bbox 143 1177 241 1237; x_wconf 84' lang='lat' dir='ltr'>tuin,</span> <span class='ocrx_word' id='word_1_38' title='bbox 273 1145 355 1222; x_wconf 79' lang='lat' dir='ltr'>otio</span> <span class='ocrx_word' id='word_1_39' title='bbox 381 1144 484 1218; x_wconf 84' lang='lat' dir='ltr'>millia</span> <span class='ocrx_word' id='word_1_40' title='bbox 515 1148 785 1236; x_wconf 84' lang='lat' dir='ltr'>Saracenorum,</span> <span class='ocrx_word' id='word_1_41' title='bbox 825 1147 1057 1240; x_wconf 74' lang='lat' dir='ltr'>convenisse,</span> <span class='ocrx_word' id='word_1_42' title='bbox 1099 1177 1250 1231; x_wconf 84' lang='lat' dir='ltr'>centnm</span> <span class='ocrx_word' id='word_1_43' title='bbox 1279 1172 1353 1231; x_wconf 76' lang='lat' dir='ltr'>veto</span> 
     </span>
     <span class='ocr_line' id='line_1_7' title="bbox 144 1238 1352 1341; baseline -0.004 -15"><span class='ocrx_word' id='word_1_44' title='bbox 144 1246 251 1326; x_wconf 86' lang='lat' dir='ltr'>millia</span> <span class='ocrx_word' id='word_1_45' title='bbox 283 1260 510 1341; x_wconf 87' lang='lat' dir='ltr'>peccatorum</span> <span class='ocrx_word' id='word_1_46' title='bbox 540 1238 582 1311; x_wconf 87' lang='lat' dir='ltr'>ad</span> <span class='ocrx_word' id='word_1_47' title='bbox 615 1240 799 1314; x_wconf 87' lang='lat' dir='ltr'>meliorem</span> <span class='ocrx_word' id='word_1_48' title='bbox 822 1260 981 1318; x_wconf 86' lang='lat' dir='ltr'>mentem</span> <span class='ocrx_word' id='word_1_49' title='bbox 1005 1252 1200 1330; x_wconf 84' lang='lat' dir='ltr'>revocaile,</span> <span class='ocrx_word' id='word_1_50' title='bbox 1251 1254 1352 1327; x_wconf 73' lang='lat' dir='ltr'>Inim-</span> 
     </span>
     <span class='ocr_line' id='line_1_8' title="bbox 144 1334 1351 1447; baseline -0.002 -29"><span class='ocrx_word' id='word_1_51' title='bbox 144 1345 230 1430; x_wconf 84' lang='lat' dir='ltr'>suit,</span> <span class='ocrx_word' id='word_1_52' title='bbox 254 1355 291 1410; x_wconf 87' lang='lat' dir='ltr'>ut</span> <span class='ocrx_word' id='word_1_53' title='bbox 315 1353 479 1431; x_wconf 81' lang='lat' dir='ltr'>putatur,</span> <span class='ocrx_word' id='word_1_54' title='bbox 504 1334 662 1406; x_wconf 91' lang='lat' dir='ltr'>concilio</span> <span class='ocrx_word' id='word_1_55' title='bbox 684 1335 956 1413; x_wconf 79' lang='lat' dir='ltr'>constantiensi:</span> <span class='ocrx_word' id='word_1_56' title='bbox 981 1340 1140 1418; x_wconf 81' lang='lat' dir='ltr'>adbaelit</span> <span class='ocrx_word' id='word_1_57' title='bbox 1164 1344 1351 1447; x_wconf 71' lang='lat' dir='ltr'>quidemn</span> 
     </span>
     <span class='ocr_line' id='line_1_9' title="bbox 145 1428 1352 1539; baseline 0.004 -31"><span class='ocrx_word' id='word_1_58' title='bbox 145 1432 317 1539; x_wconf 80' lang='lat' dir='ltr'>principio</span> <span class='ocrx_word' id='word_1_59' title='bbox 345 1430 458 1526; x_wconf 86' lang='lat' dir='ltr'>Papae</span> <span class='ocrx_word' id='word_1_60' title='bbox 483 1428 677 1503; x_wconf 71' lang='lat' dir='ltr'>beneditio</span> <span class='ocrx_word' id='word_1_61' title='bbox 701 1432 822 1522; x_wconf 83' lang='lat' dir='ltr'>xiii,</span> <span class='ocrx_word' id='word_1_62' title='bbox 848 1433 906 1506; x_wconf 84' lang='lat' dir='ltr'>sed</span> <span class='ocrx_word' id='word_1_63' title='bbox 932 1454 1010 1508; x_wconf 87' lang='lat' dir='ltr'>eum</span> <span class='ocrx_word' id='word_1_64' title='bbox 1034 1437 1160 1531; x_wconf 84' lang='lat' dir='ltr'>postea</span> <span class='ocrx_word' id='word_1_65' title='bbox 1186 1441 1352 1530; x_wconf 85' lang='lat' dir='ltr'>deseruit,</span> 
     </span>
     <span class='ocr_line' id='line_1_10' title="bbox 146 1523 1353 1630; baseline 0.011 -29"><span class='ocrx_word' id='word_1_66' title='bbox 146 1548 184 1615; x_wconf 71' lang='lat' dir='ltr'>et</span> <span class='ocrx_word' id='word_1_67' title='bbox 206 1535 243 1605; x_wconf 93' lang='lat' dir='ltr'>in</span> <span class='ocrx_word' id='word_1_68' title='bbox 265 1524 499 1601; x_wconf 79' lang='lat' dir='ltr'>concionibus</span> <span class='ocrx_word' id='word_1_69' title='bbox 526 1523 649 1597; x_wconf 83' lang='lat' dir='ltr'>acriter</span> <span class='ocrx_word' id='word_1_70' title='bbox 673 1525 887 1619; x_wconf 81' lang='lat' dir='ltr'>perstrinxit.</span> <span class='ocrx_word' id='word_1_71' title='bbox 940 1528 1043 1603; x_wconf 86' lang='lat' dir='ltr'>Obiit</span> <span class='ocrx_word' id='word_1_72' title='bbox 1058 1555 1089 1606; x_wconf 67' lang='lat' dir='ltr'>a„</span> <span class='ocrx_word' id='word_1_73' title='bbox 1114 1557 1225 1630; x_wconf 84' lang='lat'>1419.</span> <span class='ocrx_word' id='word_1_74' title='bbox 1250 1537 1353 1615; x_wconf 67' lang='lat' dir='ltr'>nevi·</span> 
     </span>
     <span class='ocr_line' id='line_1_11' title="bbox 144 1620 1356 1725; baseline 0.002 -21"><span class='ocrx_word' id='word_1_75' title='bbox 144 1628 232 1706; x_wconf 87' lang='lat' dir='ltr'>iiiito</span> <span class='ocrx_word' id='word_1_76' title='bbox 257 1622 320 1696; x_wconf 89' lang='lat' dir='ltr'>iii.</span> <span class='ocrx_word' id='word_1_77' title='bbox 346 1620 470 1694; x_wconf 70' lang='lat' dir='ltr'>saudiis</span> <span class='ocrx_word' id='word_1_78' title='bbox 489 1620 689 1715; x_wconf 83' lang='lat' dir='ltr'>adscriptus.</span> <span class='ocrx_word' id='word_1_79' title='bbox 740 1622 879 1712; x_wconf 80' lang='lat' dir='ltr'>Exstat,</span> <span class='ocrx_word' id='word_1_80' title='bbox 905 1645 1044 1716; x_wconf 86' lang='lat' dir='ltr'>praeter</span> <span class='ocrx_word' id='word_1_81' title='bbox 1066 1632 1257 1725; x_wconf 73' lang='lat' dir='ltr'>epistolas,</span> <span class='ocrx_word' id='word_1_82' title='bbox 1277 1652 1356 1707; x_wconf 85' lang='lat' dir='ltr'>ett-</span> 
     </span>
     <span class='ocr_line' id='line_1_12' title="bbox 149 1712 1280 1814; baseline 0.008 -17"><span class='ocrx_word' id='word_1_83' title='bbox 149 1726 194 1801; x_wconf 78' lang='lat' dir='ltr'>i&#39;a</span> <span class='ocrx_word' id='word_1_84' title='bbox 223 1744 245 1793; x_wconf 91' lang='lat' dir='ltr'>o</span> <span class='ocrx_word' id='word_1_85' title='bbox 272 1714 405 1807; x_wconf 89' lang='lat' dir='ltr'>oscula,</span> <span class='ocrx_word' id='word_1_86' title='bbox 432 1712 594 1788; x_wconf 73' lang='lat' dir='ltr'>tractatus</span> <span class='ocrx_word' id='word_1_87' title='bbox 625 1716 697 1809; x_wconf 87' lang='lat' dir='ltr'>ejus</span> <span class='ocrx_word' id='word_1_88' title='bbox 721 1717 764 1789; x_wconf 87' lang='lat' dir='ltr'>de</span> <span class='ocrx_word' id='word_1_89' title='bbox 787 1718 860 1791; x_wconf 79' lang='lat' dir='ltr'>vita</span> <span class='ocrx_word' id='word_1_90' title='bbox 883 1722 1075 1814; x_wconf 80' lang='lat' dir='ltr'>Spiriiuali,</span> <span class='ocrx_word' id='word_1_91' title='bbox 1101 1747 1142 1799; x_wconf 94' lang='lat' dir='ltr'>ut</span> <span class='ocrx_word' id='word_1_92' title='bbox 1169 1749 1211 1804; x_wconf 88' lang='lat' dir='ltr'>ec</span> <span class='ocrx_word' id='word_1_93' title='bbox 1233 1730 1280 1805; x_wconf 78' lang='lat' dir='ltr'>de</span> 
     </span>
     <span class='ocr_line' id='line_1_13' title="bbox 145 1809 1354 1916; baseline 0.002 -20"><span class='ocrx_word' id='word_1_94' title='bbox 145 1820 279 1905; x_wconf 83' lang='lat' dir='ltr'>mundi,</span> <span class='ocrx_word' id='word_1_95' title='bbox 301 1831 334 1884; x_wconf 89' lang='lat' dir='ltr'>et</span> <span class='ocrx_word' id='word_1_96' title='bbox 358 1814 477 1906; x_wconf 76' lang='lat' dir='ltr'><em>duplici</em></span> <span class='ocrx_word' id='word_1_97' title='bbox 498 1809 695 1902; x_wconf 71' lang='lat' dir='ltr'>Anticliilli</span> <span class='ocrx_word' id='word_1_98' title='bbox 718 1813 870 1887; x_wconf 81' lang='lat' dir='ltr'>alienia.</span> <span class='ocrx_word' id='word_1_99' title='bbox 919 1814 1042 1890; x_wconf 88' lang='lat' dir='ltr'>Vitam</span> <span class='ocrx_word' id='word_1_100' title='bbox 1066 1819 1146 1916; x_wconf 83' lang='lat' dir='ltr'>ejus</span> <span class='ocrx_word' id='word_1_101' title='bbox 1168 1824 1354 1902; x_wconf 80' lang='lat' dir='ltr'>conciniu-¹</span> 
     </span>
     <span class='ocr_line' id='line_1_14' title="bbox 150 1906 1356 2007; baseline 0.005 -15"><span class='ocrx_word' id='word_1_102' title='bbox 150 1915 251 1993; x_wconf 86' lang='lat' dir='ltr'>navit</span> <span class='ocrx_word' id='word_1_103' title='bbox 279 1911 398 1983; x_wconf 79' lang='lat' dir='ltr'>Petrus</span> <span class='ocrx_word' id='word_1_104' title='bbox 428 1906 613 1978; x_wconf 80' lang='lat' dir='ltr'>Ranainus</span> <span class='ocrx_word' id='word_1_105' title='bbox 635 1906 671 1978; x_wconf 92' lang='lat' dir='ltr'>iii</span> <span class='ocrx_word' id='word_1_106' title='bbox 696 1907 776 1980; x_wconf 72' lang='lat' dir='ltr'>Ait.</span> <span class='ocrx_word' id='word_1_107' title='bbox 802 1906 919 1983; x_wconf 71' lang='lat' dir='ltr'>sinet.</span> <span class='ocrx_word' id='word_1_108' title='bbox 946 1911 1087 2007; x_wconf 79' lang='lat' dir='ltr'>Aprilis.</span> <span class='ocrx_word' id='word_1_109' title='bbox 1137 1917 1356 1996; x_wconf 75' lang='lat' dir='ltr'>viderim</span> 
     </span>
     <span class='ocr_line' id='line_1_15' title="bbox 149 1998 1358 2100; baseline 0.012 -17"><span class='ocrx_word' id='word_1_110' title='bbox 149 2007 338 2088; x_wconf 83' lang='lat' dir='ltr'>L&#39;Ensant.</span> <span class='ocrx_word' id='word_1_111' title='bbox 369 2000 505 2077; x_wconf 87' lang='lat' dir='ltr'>Concil.</span> <span class='ocrx_word' id='word_1_112' title='bbox 532 1998 640 2075; x_wconf 84' lang='lat' dir='ltr'>Pilan.</span> <span class='ocrx_word' id='word_1_113' title='bbox 664 2025 698 2097; x_wconf 87' lang='lat' dir='ltr'>p.</span> <span class='ocrx_word' id='word_1_114' title='bbox 723 2003 769 2078; x_wconf 89' lang='lat' dir='ltr'>ii.</span> <span class='ocrx_word' id='word_1_115' title='bbox 816 2004 977 2100; x_wconf 85' lang='lat' dir='ltr'>Ejusdem</span> <span class='ocrx_word' id='word_1_116' title='bbox 1001 2008 1109 2083; x_wconf 67' lang='lat' dir='ltr'>etiam</span> <span class='ocrx_word' id='word_1_117' title='bbox 1136 2016 1277 2093; x_wconf 77' lang='lat' dir='ltr'>tenoris</span> <span class='ocrx_word' id='word_1_118' title='bbox 1295 2014 1358 2097; x_wconf 69' lang='lat' dir='ltr'>suit</span> 
     </span>
     <span class='ocr_line' id='line_1_16' title="bbox 150 2094 1361 2195; baseline 0.001 -14"><span class='ocrx_word' id='word_1_119' title='bbox 150 2103 369 2191; x_wconf 78' lang='lat' dir='ltr'>Bernaiiiiiius</span> <span class='ocrx_word' id='word_1_120' title='bbox 399 2094 565 2184; x_wconf 76' lang='lat' dir='ltr'>Senensi,</span> <span class='ocrx_word' id='word_1_121' title='bbox 589 2097 687 2193; x_wconf 84' lang='lat' dir='ltr'>cujus</span> <span class='ocrx_word' id='word_1_122' title='bbox 718 2099 829 2173; x_wconf 84' lang='lat' dir='ltr'>vitam</span> <span class='ocrx_word' id='word_1_123' title='bbox 862 2103 999 2195; x_wconf 81' lang='lat' dir='ltr'>prolixe</span> <span class='ocrx_word' id='word_1_124' title='bbox 1029 2125 1169 2180; x_wconf 82' lang='lat' dir='ltr'>enarrat</span> <span class='ocrx_word' id='word_1_125' title='bbox 1191 2110 1361 2187; x_wconf 76' lang='lat' dir='ltr'>Waddin·</span> 
     </span>
     <span class='ocr_line' id='line_1_17' title="bbox 199 2192 1358 2302; baseline 0.006 -25"><span class='ocrx_word' id='word_1_126' title='bbox 199 2229 215 2277; x_wconf 84' lang='lat' dir='ltr'>s</span> <span class='ocrx_word' id='word_1_127' title='bbox 238 2202 275 2275; x_wconf 90' lang='lat' dir='ltr'>in</span> <span class='ocrx_word' id='word_1_128' title='bbox 300 2197 423 2269; x_wconf 83' lang='lat' dir='ltr'>Annal.</span> <span class='ocrx_word' id='word_1_129' title='bbox 449 2192 728 2282; x_wconf 71' lang='lat' dir='ltr'>Minoiiiarum‘3·</span> <span class='ocrx_word' id='word_1_130' title='bbox 746 2216 891 2290; x_wconf 88' lang='lat' dir='ltr'>quorum</span> <span class='ocrx_word' id='word_1_131' title='bbox 916 2195 1038 2270; x_wconf 86' lang='lat' dir='ltr'>Ordini</span> <span class='ocrx_word' id='word_1_132' title='bbox 1060 2199 1133 2274; x_wconf 87' lang='lat' dir='ltr'>fuit</span> <span class='ocrx_word' id='word_1_133' title='bbox 1156 2205 1358 2302; x_wconf 74' lang='lat' dir='ltr'>adscriptus·</span> 
     </span>
     <span class='ocr_line' id='line_1_18' title="bbox 182 2289 1364 2399; baseline 0.004 -32"><span class='ocrx_word' id='word_1_134' title='bbox 182 2291 329 2371; x_wconf 84' lang='lat' dir='ltr'>iaestitit</span> <span class='ocrx_word' id='word_1_135' title='bbox 355 2291 425 2362; x_wconf 88' lang='lat' dir='ltr'>sese</span> <span class='ocrx_word' id='word_1_136' title='bbox 451 2289 694 2361; x_wconf 84' lang='lat' dir='ltr'>concionando</span> <span class='ocrx_word' id='word_1_137' title='bbox 721 2313 858 2394; x_wconf 84' lang='lat' dir='ltr'>quoque</span> <span class='ocrx_word' id='word_1_138' title='bbox 880 2294 1072 2381; x_wconf 86' lang='lat' dir='ltr'>celebrem,</span> <span class='ocrx_word' id='word_1_139' title='bbox 1098 2302 1257 2377; x_wconf 80' lang='lat' dir='ltr'>maxime</span> <span class='ocrx_word' id='word_1_140' title='bbox 1272 2299 1364 2399; x_wconf 82' lang='lat' dir='ltr'>qnod</span> 
     </span>
     <span class='ocr_line' id='line_1_19' title="bbox 150 2381 1359 2491; baseline 0.012 -34"><span class='ocrx_word' id='word_1_141' title='bbox 150 2393 189 2468; x_wconf 84' lang='lat' dir='ltr'>id</span> <span class='ocrx_word' id='word_1_142' title='bbox 208 2384 366 2483; x_wconf 86' lang='lat' dir='ltr'>inprimis</span> <span class='ocrx_word' id='word_1_143' title='bbox 382 2381 574 2454; x_wconf 82' lang='lat' dir='ltr'>intenderit</span> <span class='ocrx_word' id='word_1_144' title='bbox 592 2382 803 2455; x_wconf 75' lang='lat' dir='ltr'>sermonibus</span> <span class='ocrx_word' id='word_1_145' title='bbox 820 2386 900 2474; x_wconf 88' lang='lat' dir='ltr'>suis,</span> <span class='ocrx_word' id='word_1_146' title='bbox 930 2407 966 2459; x_wconf 89' lang='lat' dir='ltr'>ut</span> <span class='ocrx_word' id='word_1_147' title='bbox 985 2395 1123 2464; x_wconf 84' lang='lat' dir='ltr'>nominis</span> <span class='ocrx_word' id='word_1_148' title='bbox 1138 2391 1229 2491; x_wconf 81' lang='lat' dir='ltr'>Jesu</span> <span class='ocrx_word' id='word_1_149' title='bbox 1244 2394 1359 2491; x_wconf 61' lang='lat' dir='ltr'>chisti</span> 
     </span>
     <span class='ocr_line' id='line_1_20' title="bbox 148 2473 1354 2578; baseline 0.006 -19"><span class='ocrx_word' id='word_1_150' title='bbox 148 2481 385 2560; x_wconf 81' lang='lat' dir='ltr'>reverentiam</span> <span class='ocrx_word' id='word_1_151' title='bbox 421 2473 607 2547; x_wconf 69' lang='lat' dir='ltr'>insinuaret</span> <span class='ocrx_word' id='word_1_152' title='bbox 647 2477 869 2554; x_wconf 89' lang='lat' dir='ltr'>auditoribus.</span> <span class='ocrx_word' id='word_1_153' title='bbox 919 2482 1000 2578; x_wconf 80' lang='lat' dir='ltr'>Quo</span> <span class='ocrx_word' id='word_1_154' title='bbox 1031 2485 1093 2558; x_wconf 89' lang='lat' dir='ltr'>fini</span> <span class='ocrx_word' id='word_1_155' title='bbox 1126 2510 1210 2564; x_wconf 90' lang='lat' dir='ltr'>cuin</span> <span class='ocrx_word' id='word_1_156' title='bbox 1235 2512 1354 2572; x_wconf 85' lang='lat' dir='ltr'>nometi</span> 
     </span>
     <span class='ocr_line' id='line_1_21' title="bbox 145 2568 1357 2675; baseline -0.002 -19"><span class='ocrx_word' id='word_1_157' title='bbox 145 2579 232 2657; x_wconf 89' lang='lat' dir='ltr'>illud</span> <span class='ocrx_word' id='word_1_158' title='bbox 256 2577 288 2646; x_wconf 90' lang='lat' dir='ltr'>iii</span> <span class='ocrx_word' id='word_1_159' title='bbox 305 2593 427 2645; x_wconf 84' lang='lat' dir='ltr'>centro</span> <span class='ocrx_word' id='word_1_160' title='bbox 447 2568 542 2658; x_wconf 84' lang='lat' dir='ltr'>solis,</span> <span class='ocrx_word' id='word_1_161' title='bbox 566 2569 704 2643; x_wconf 88' lang='lat' dir='ltr'>circino</span> <span class='ocrx_word' id='word_1_162' title='bbox 722 2572 993 2670; x_wconf 83' lang='lat' dir='ltr'>circumscripti,</span> <span class='ocrx_word' id='word_1_163' title='bbox 1016 2578 1200 2675; x_wconf 71' lang='lat' dir='ltr'>depidium</span> <span class='ocrx_word' id='word_1_164' title='bbox 1216 2585 1357 2663; x_wconf 77' lang='lat' dir='ltr'>circum</span> 
     </span>
     <span class='ocr_line' id='line_1_22' title="bbox 151 2663 1362 2779; baseline 0.002 -31"><span class='ocrx_word' id='word_1_165' title='bbox 151 2674 306 2779; x_wconf 79' lang='lat' dir='ltr'>gestare,</span> <span class='ocrx_word' id='word_1_166' title='bbox 331 2687 368 2739; x_wconf 86' lang='lat' dir='ltr'>et</span> <span class='ocrx_word' id='word_1_167' title='bbox 393 2663 601 2738; x_wconf 83' lang='lat' dir='ltr'>auditoribus</span> <span class='ocrx_word' id='word_1_168' title='bbox 616 2665 811 2754; x_wconf 88' lang='lat' dir='ltr'>ostentare,</span> <span class='ocrx_word' id='word_1_169' title='bbox 839 2672 985 2758; x_wconf 86' lang='lat' dir='ltr'>soleret,</span> <span class='ocrx_word' id='word_1_170' title='bbox 1011 2680 1181 2769; x_wconf 85' lang='lat' dir='ltr'>populum</span> <span class='ocrx_word' id='word_1_171' title='bbox 1197 2683 1362 2769; x_wconf 68' lang='lat' dir='ltr'>ndnomi·</span> 
     </span>
     <span class='ocr_line' id='line_1_23' title="bbox 145 2760 1360 2864; baseline 0.012 -25"><span class='ocrx_word' id='word_1_172' title='bbox 145 2773 208 2857; x_wconf 75' lang='lat' dir='ltr'>&#39;nis</span> <span class='ocrx_word' id='word_1_173' title='bbox 236 2762 472 2842; x_wconf 88' lang='lat' dir='ltr'>adorationem</span> <span class='ocrx_word' id='word_1_174' title='bbox 507 2760 670 2847; x_wconf 85' lang='lat' dir='ltr'>incitans,</span> <span class='ocrx_word' id='word_1_175' title='bbox 704 2767 878 2835; x_wconf 85' lang='lat' dir='ltr'>accusatus</span> <span class='ocrx_word' id='word_1_176' title='bbox 902 2765 953 2837; x_wconf 84' lang='lat' dir='ltr'>est</span> <span class='ocrx_word' id='word_1_177' title='bbox 976 2769 1064 2864; x_wconf 92' lang='lat' dir='ltr'>apud</span> <span class='ocrx_word' id='word_1_178' title='bbox 1090 2772 1289 2856; x_wconf 85' lang='lat' dir='ltr'>Martinuui</span> <span class='ocrx_word' id='word_1_179' title='bbox 1313 2780 1360 2858; x_wconf 81' lang='lat' dir='ltr'>V.</span> 
     </span>
     <span class='ocr_line' id='line_1_24' title="bbox 155 2856 1361 2962; baseline 0.009 -24"><span class='ocrx_word' id='word_1_180' title='bbox 155 2866 284 2962; x_wconf 87' lang='lat' dir='ltr'>Papam</span> <span class='ocrx_word' id='word_1_181' title='bbox 308 2857 496 2946; x_wconf 78' lang='lat' dir='ltr'>haeresint,</span> <span class='ocrx_word' id='word_1_182' title='bbox 522 2877 577 2946; x_wconf 91' lang='lat' dir='ltr'>et,</span> <span class='ocrx_word' id='word_1_183' title='bbox 603 2859 683 2931; x_wconf 86' lang='lat' dir='ltr'>licet</span> <span class='ocrx_word' id='word_1_184' title='bbox 708 2858 837 2930; x_wconf 86' lang='lat' dir='ltr'>ctiinen</span> <span class='ocrx_word' id='word_1_185' title='bbox 869 2856 1025 2951; x_wconf 82' lang='lat' dir='ltr'>diluent,</span> <span class='ocrx_word' id='word_1_186' title='bbox 1051 2886 1147 2943; x_wconf 89' lang='lat' dir='ltr'>novo</span> <span class='ocrx_word' id='word_1_187' title='bbox 1172 2871 1247 2947; x_wconf 89' lang='lat' dir='ltr'>lioc</span> <span class='ocrx_word' id='word_1_188' title='bbox 1268 2896 1361 2952; x_wconf 78' lang='lat' dir='ltr'>mose</span> 
     </span>
     <span class='ocr_line' id='line_1_25' title="bbox 144 2949 1364 3077; baseline 0.002 -37"><span class='ocrx_word' id='word_1_189' title='bbox 144 2958 327 3055; x_wconf 66' lang='lat' dir='ltr'>Jibstinere</span> <span class='ocrx_word' id='word_1_190' title='bbox 356 2953 462 3050; x_wconf 76' lang='lat' dir='ltr'>julius</span> <span class='ocrx_word' id='word_1_191' title='bbox 493 2949 555 3029; x_wconf 86' lang='lat' dir='ltr'>est.</span> <span class='ocrx_word' id='word_1_192' title='bbox 606 2953 742 3027; x_wconf 81' lang='lat' dir='ltr'>Deinde</span> <span class='ocrx_word' id='word_1_193' title='bbox 774 2954 943 3027; x_wconf 78' lang='lat' dir='ltr'>Fratribus</span> <span class='ocrx_word' id='word_1_194' title='bbox 966 2960 1005 3029; x_wconf 80' lang='lat' dir='ltr'>da</span> <span class='ocrx_word' id='word_1_195' title='bbox 1026 2962 1257 3061; x_wconf 74' lang='lat' dir='ltr'>observantia,</span> <span class='ocrx_word' id='word_1_196' title='bbox 1282 2992 1364 3077; x_wconf 67' lang='lat' dir='ltr'>qum</span> 
     </span>
     <span class='ocr_line' id='line_1_26' title="bbox 145 3047 1364 3157; baseline 0.011 -32"><span class='ocrx_word' id='word_1_197' title='bbox 145 3062 188 3133; x_wconf 67' lang='grc' dir='ltr'>Ξι.</span> <span class='ocrx_word' id='word_1_198' title='bbox 225 3076 328 3145; x_wconf 79' lang='lat'>1412.</span> <span class='ocrx_word' id='word_1_199' title='bbox 360 3047 575 3140; x_wconf 88' lang='lat' dir='ltr'>instituerat,</span> <span class='ocrx_word' id='word_1_200' title='bbox 601 3051 849 3124; x_wconf 86' lang='lat' dir='ltr'>Cis-montanis</span> <span class='ocrx_word' id='word_1_201' title='bbox 873 3054 1087 3149; x_wconf 75' lang='lat' dir='ltr'>praelesliis&#39;,</span> <span class='ocrx_word' id='word_1_202' title='bbox 1113 3080 1275 3143; x_wconf 77' lang='lat' dir='ltr'>trecenta</span> <span class='ocrx_word' id='word_1_203' title='bbox 1296 3091 1364 3157; x_wconf 72' lang='lat' dir='ltr'>am·</span> 
     </span>
     <span class='ocr_line' id='line_1_27' title="bbox 154 3143 1363 3261; baseline 0.002 -38"><span class='ocrx_word' id='word_1_204' title='bbox 154 3151 246 3261; x_wconf 87' lang='lat' dir='ltr'>plius</span> <span class='ocrx_word' id='word_1_205' title='bbox 280 3143 483 3219; x_wconf 83' lang='lat' dir='ltr'>monasteria</span> <span class='ocrx_word' id='word_1_206' title='bbox 508 3146 564 3218; x_wconf 86' lang='lat' dir='ltr'>vel</span> <span class='ocrx_word' id='word_1_207' title='bbox 591 3143 769 3232; x_wconf 86' lang='lat' dir='ltr'>condidit,</span> <span class='ocrx_word' id='word_1_208' title='bbox 802 3148 858 3219; x_wconf 86' lang='lat' dir='ltr'>vel</span> <span class='ocrx_word' id='word_1_209' title='bbox 882 3147 1089 3230; x_wconf 87' lang='lat' dir='ltr'>instauravit.</span> <span class='ocrx_word' id='word_1_210' title='bbox 1139 3157 1316 3243; x_wconf 66' lang='lat' dir='ltr'>Mortui„</span> <span class='ocrx_word' id='word_1_211' title='bbox 1333 3186 1363 3242; x_wconf 64' lang='grc' dir='ltr'>ι,</span> 
     </span>
     <span class='ocr_line' id='line_1_28' title="bbox 160 3237 1362 3337; baseline 0.008 -25"><span class='ocrx_word' id='word_1_212' title='bbox 160 3270 287 3337; x_wconf 71' lang='grc' dir='ltr'>ι444.,</span> <span class='ocrx_word' id='word_1_213' title='bbox 312 3241 370 3313; x_wconf 87' lang='lat' dir='ltr'>seii</span> <span class='ocrx_word' id='word_1_214' title='bbox 396 3241 494 3313; x_wconf 92' lang='lat' dir='ltr'>annis</span> <span class='ocrx_word' id='word_1_215' title='bbox 519 3238 594 3333; x_wconf 83' lang='lat' dir='ltr'>post</span> <span class='ocrx_word' id='word_1_216' title='bbox 621 3237 813 3313; x_wconf 80' lang='lat' dir='ltr'>aNicolao</span> <span class='ocrx_word' id='word_1_217' title='bbox 838 3245 886 3316; x_wconf 87' lang='lat' dir='ltr'>V.</span> <span class='ocrx_word' id='word_1_218' title='bbox 911 3245 948 3317; x_wconf 89' lang='lat' dir='ltr'>in</span> <span class='ocrx_word' id='word_1_219' title='bbox 975 3246 1182 3330; x_wconf 73' lang='lat' dir='ltr'>Siniiorurn</span> <span class='ocrx_word' id='word_1_220' title='bbox 1206 3256 1261 3332; x_wconf 83' lang='lat' dir='ltr'>est</span> <span class='ocrx_word' id='word_1_221' title='bbox 1281 3260 1362 3335; x_wconf 64' lang='lat' dir='ltr'>reia.</span> 
     </span>
     <span class='ocr_line' id='line_1_29' title="bbox 161 3335 1364 3439; baseline 0.012 -24"><span class='ocrx_word' id='word_1_222' title='bbox 161 3361 218 3416; x_wconf 91' lang='lat' dir='ltr'>tus</span> <span class='ocrx_word' id='word_1_223' title='bbox 240 3339 445 3431; x_wconf 82' lang='lat' dir='ltr'>catalogum.</span> <span class='ocrx_word' id='word_1_224' title='bbox 485 3335 622 3430; x_wconf 88' lang='lat' dir='ltr'>Scripta</span> <span class='ocrx_word' id='word_1_225' title='bbox 646 3335 720 3427; x_wconf 89' lang='lat' dir='ltr'>ejus</span> <span class='ocrx_word' id='word_1_226' title='bbox 745 3357 845 3431; x_wconf 84' lang='lat' dir='ltr'>quain</span> <span class='ocrx_word' id='word_1_227' title='bbox 872 3337 1017 3432; x_wconf 87' lang='lat' dir='ltr'>plurima</span> <span class='ocrx_word' id='word_1_228' title='bbox 1040 3344 1131 3421; x_wconf 86' lang='lat' dir='ltr'>edita</span> <span class='ocrx_word' id='word_1_229' title='bbox 1155 3354 1239 3426; x_wconf 86' lang='lat' dir='ltr'>sunt</span> <span class='ocrx_word' id='word_1_230' title='bbox 1251 3355 1364 3439; x_wconf 79' lang='lat' dir='ltr'>novis·</span> 
     </span>
     <span class='ocr_line' id='line_1_30' title="bbox 158 3426 1368 3538; baseline 0.012 -31"><span class='ocrx_word' id='word_1_231' title='bbox 158 3457 217 3511; x_wconf 89' lang='lat' dir='ltr'>nie</span> <span class='ocrx_word' id='word_1_232' title='bbox 243 3459 261 3509; x_wconf 91' lang='lat' dir='ltr'>a</span> <span class='ocrx_word' id='word_1_233' title='bbox 285 3426 448 3531; x_wconf 71' lang='lat' dir='ltr'>Julianiie</span> <span class='ocrx_word' id='word_1_234' title='bbox 464 3430 510 3502; x_wconf 89' lang='lat' dir='ltr'>de</span> <span class='ocrx_word' id='word_1_235' title='bbox 534 3432 564 3504; x_wconf 93' lang='lat' dir='ltr'>la</span> <span class='ocrx_word' id='word_1_236' title='bbox 583 3431 707 3538; x_wconf 59' lang='lat' dir='ltr'>Hayf,</span> <span class='ocrx_word' id='word_1_237' title='bbox 731 3433 883 3537; x_wconf 83' lang='lat' dir='ltr'>quinque</span> <span class='ocrx_word' id='word_1_238' title='bbox 901 3436 1055 3511; x_wconf 86' lang='lat' dir='ltr'>tomisin</span> <span class='ocrx_word' id='word_1_239' title='bbox 1074 3437 1160 3537; x_wconf 84' lang='lat' dir='ltr'>fol,</span> <span class='ocrx_word' id='word_1_240' title='bbox 1186 3451 1368 3530; x_wconf 76' lang='lat' dir='ltr'>maximi</span> 
     </span>
     <span class='ocr_line' id='line_1_31' title="bbox 142 3525 1322 3634; baseline -0.003 -29"><span class='ocrx_word' id='word_1_241' title='bbox 142 3536 295 3634; x_wconf 81' lang='lat' dir='ltr'>&#39;partem</span> <span class='ocrx_word' id='word_1_242' title='bbox 319 3525 459 3599; x_wconf 82' lang='lat' dir='ltr'>inoidlis</span> <span class='ocrx_word' id='word_1_243' title='bbox 479 3542 514 3597; x_wconf 89' lang='lat' dir='ltr'>et</span> <span class='ocrx_word' id='word_1_244' title='bbox 536 3528 676 3597; x_wconf 82' lang='lat' dir='ltr'>ascetici</span> <span class='ocrx_word' id='word_1_245' title='bbox 702 3530 911 3620; x_wconf 83' lang='lat' dir='ltr'>argumenti.</span> <span class='ocrx_word' id='word_1_246' title='bbox 1318 3618 1322 3625; x_wconf 21' lang='grc' dir='ltr'>ι</span> 
     </span>
     <span class='ocr_line' id='line_1_32' title="bbox 210 3620 1367 3727; baseline 0.008 -31"><span class='ocrx_word' id='word_1_247' title='bbox 210 3626 241 3727; x_wconf 53' lang='lat' dir='ltr'>p</span> <span class='ocrx_word' id='word_1_248' title='bbox 267 3623 480 3703; x_wconf 81' lang='lat' dir='ltr'>CCCXClll.</span> <span class='ocrx_word' id='word_1_249' title='bbox 517 3620 632 3693; x_wconf 77' lang='lat' dir='ltr'>Turnus</span> <span class='ocrx_word' id='word_1_250' title='bbox 656 3647 677 3694; x_wconf 86' lang='lat' dir='ltr'><strong><em>a</em></strong></span> <span class='ocrx_word' id='word_1_251' title='bbox 701 3622 851 3716; x_wconf 83' lang='lat' dir='ltr'>Keinpis,</span> <span class='ocrx_word' id='word_1_252' title='bbox 876 3626 976 3717; x_wconf 82' lang='lat' dir='ltr'>cujus</span> <span class='ocrx_word' id='word_1_253' title='bbox 995 3631 1295 3725; x_wconf 67' lang='lat' dir='ltr'>celebratiffipuum</span> <span class='ocrx_word' id='word_1_254' title='bbox 1314 3638 1367 3720; x_wconf 67' lang='lat' dir='ltr'>ast</span> 
     </span>
    </p>
   </div>
   <div class='ocr_carea' id='block_1_4' title="bbox 162 3717 1358 3921">
    <p class='ocr_par' dir='ltr' id='par_1_4' title="bbox 162 3717 1358 3921">
     <span class='ocr_line' id='line_1_33' title="bbox 162 3717 1358 3829; baseline -0.03 -26"><span class='ocrx_word' id='word_1_255' title='bbox 162 3726 291 3805; x_wconf 82' lang='lat' dir='ltr'>nomen</span> <span class='ocrx_word' id='word_1_256' title='bbox 324 3741 386 3813; x_wconf 91' lang='lat' dir='ltr'>per</span> <span class='ocrx_word' id='word_1_257' title='bbox 416 3719 540 3789; x_wconf 89' lang='lat' dir='ltr'>librum</span> <span class='ocrx_word' id='word_1_258' title='bbox 574 3717 618 3787; x_wconf 87' lang='lat' dir='ltr'>de</span> <span class='ocrx_word' id='word_1_259' title='bbox 650 3722 829 3826; x_wconf 65' lang='lat' dir='ltr'>inpilaiione</span> <span class='ocrx_word' id='word_1_260' title='bbox 862 3720 999 3813; x_wconf 73' lang='lat' dir='ltr'>cinisii,</span> <span class='ocrx_word' id='word_1_261' title='bbox 1031 3727 1095 3823; x_wconf 66' lang='lat' dir='ltr'>ips,</span> <span class='ocrx_word' id='word_1_262' title='bbox 1124 3735 1358 3829; x_wconf 73' lang='lat' dir='ltr'>adtributum,</span> 
     </span>
     <span class='ocr_line' id='line_1_34' title="bbox 163 3810 1342 3921; baseline -0.016 -20"><span class='ocrx_word' id='word_1_263' title='bbox 163 3848 185 3900; x_wconf 89' lang='lat' dir='ltr'>a</span> <span class='ocrx_word' id='word_1_264' title='bbox 214 3814 328 3918; x_wconf 89' lang='lat' dir='ltr'>patrio</span> <span class='ocrx_word' id='word_1_265' title='bbox 362 3811 433 3886; x_wconf 86' lang='lat' dir='ltr'>solo</span> <span class='ocrx_word' id='word_1_266' title='bbox 463 3810 642 3903; x_wconf 84' lang='lat' dir='ltr'>Kenipen,</span> <span class='ocrx_word' id='word_1_267' title='bbox 667 3836 705 3884; x_wconf 93' lang='lat' dir='ltr'>in</span> <span class='ocrx_word' id='word_1_268' title='bbox 733 3811 868 3888; x_wconf 87' lang='lat' dir='ltr'>ditione</span> <span class='ocrx_word' id='word_1_269' title='bbox 893 3818 1123 3914; x_wconf 75' lang='lat' dir='ltr'>coloniense,</span> <span class='ocrx_word' id='word_1_270' title='bbox 1159 3827 1208 3905; x_wconf 67' lang='lat' dir='ltr'>fle</span> <span class='ocrx_word' id='word_1_271' title='bbox 1231 3828 1342 3921; x_wconf 48' lang='lat' dir='ltr'>dista·</span> 
     </span>
    </p>
   </div>
   <div class='ocr_carea' id='block_1_5' title="bbox 161 3886 1364 4017">
    <p class='ocr_par' dir='ltr' id='par_1_5' title="bbox 161 3886 1364 4017">
     <span class='ocr_line' id='line_1_35' title="bbox 161 3886 1364 4017; baseline -0.006 -21"><span class='ocrx_word' id='word_1_272' title='bbox 161 3929 399 4017; x_wconf 81' lang='lat' dir='ltr'>cognomento</span> <span class='ocrx_word' id='word_1_273' title='bbox 423 3928 508 3980; x_wconf 87' lang='lat' dir='ltr'>vero</span> <span class='ocrx_word' id='word_1_274' title='bbox 536 3908 751 3997; x_wconf 77' lang='lat' dir='ltr'>Heinricken,</span> <span class='ocrx_word' id='word_1_275' title='bbox 775 3908 851 3982; x_wconf 87' lang='lat' dir='ltr'>live-</span> <span class='ocrx_word' id='word_1_276' title='bbox 863 3915 1053 4005; x_wconf 84' lang='lat' dir='ltr'>malleolus,</span> <span class='ocrx_word' id='word_1_277' title='bbox 1081 3921 1191 4001; x_wconf 82' lang='lat' dir='ltr'>studia</span> <span class='ocrx_word' id='word_1_278' title='bbox 1208 3886 1364 4005; x_wconf 60' lang='lat' dir='ltr'>confeci}</span> 
     </span>
    </p>
   </div>
   <div class='ocr_carea' id='block_1_6' title="bbox 131 4000 1369 4209">
    <p class='ocr_par' dir='ltr' id='par_1_6' title="bbox 131 4000 1369 4209">
     <span class='ocr_line' id='line_1_36' title="bbox 162 4000 1369 4209; baseline -0.013 -108"><span class='ocrx_word' id='word_1_279' title='bbox 162 4006 395 4104; x_wconf 83' lang='lat' dir='ltr'>Davenuiae,</span> <span class='ocrx_word' id='word_1_280' title='bbox 417 4004 478 4083; x_wconf 87' lang='lat' dir='ltr'>sub</span> <span class='ocrx_word' id='word_1_281' title='bbox 506 4000 708 4104; x_wconf 80' lang='lat' dir='ltr'>Florentio,</span> <span class='ocrx_word' id='word_1_282' title='bbox 741 4002 886 4095; x_wconf 73' lang='lat' dir='ltr'>binum</span> <span class='ocrx_word' id='word_1_283' title='bbox 921 4010 1133 4093; x_wconf 74' lang='lat' dir='ltr'>elericorum</span> <span class='ocrx_word' id='word_1_284' title='bbox 1163 4022 1369 4209; x_wconf 47' lang='lat' dir='ltr'>praefig.⁴⁴⁵</span> 
     </span>
     <span class='ocr_line' id='line_1_37' title="bbox 131 4140 700 4181; baseline -0.021 -10"><span class='ocrx_word' id='word_1_285' title='bbox 131 4144 145 4157; x_wconf 87' lang='grc'>--</span> <span class='ocrx_word' id='word_1_286' title='bbox 682 4140 700 4181; x_wconf 74' lang='lat'>,</span> 
     </span>
    </p>
   </div>
   <div class='ocr_carea' id='block_1_7' title="bbox 0 0 1534 4806">
    <p class='ocr_par' dir='ltr' id='par_1_7' title="bbox 0 0 1534 4806">
     <span class='ocr_line' id='line_1_38' title="bbox 0 0 1534 4806; baseline 0 0"><span class='ocrx_word' id='word_1_287' title='bbox 0 0 1534 4806; x_wconf 95' lang='lat' dir='ltr'> </span> 
     </span>
    </p>
   </div>
  </div>
 </body>
</html>
