3022 4806
1231 457 1246 466 a

637 613 745 694 Secti.
773 614 861 696 XII.
1287 639 1359 713 115

171 807 195 861 r.
217 811 328 885 ripn,
353 789 494 890 quando
512 812 632 868 cruces
657 795 771 889 nigrat
796 787 880 866 albis
901 792 1140 894 chlamydibus
1154 791 1366 876 adsuerunt.-

169 884 237 965 Vid.
263 891 412 984 Jacobur
444 892 490 963 de
511 891 703 965 vitriaco.
756 890 877 963 Postea
908 912 995 964 vero
1031 895 1099 967 sec.
1133 893 1231 965 xlii„
1266 896 1355 969 ordo

163 980 246 1056 estin
270 985 492 1060 Germaniam
510 985 720 1075 transsatus,
755 983 817 1058 sub
850 986 1039 1062 Fredetico
1056 991 1103 1064 ii.
1126 989 1355 1080 inperatore,

159 1081 278 1172 qnando
316 1081 503 1155 Boruffiam
539 1081 746 1157 invaserunt.
804 1082 862 1153 De
908 1081 1046 1178 origine
1090 1080 1222 1156 ordinis
1263 1084 1367 1157 vid:

153 1178 333 1251 chronicon
349 1178 515 1264 Pinnae,
540 1177 607 1253 sec.
625 1179 729 1253 XIV.
756 1175 1016 1273 conscriptum,
1042 1202 1061 1252 a
1079 1181 1184 1253 Petro
1204 1179 1248 1251 de
1263 1179 1355 1252 Dur·

150 1271 248 1369 burg,
270 1272 449 1347 sacerdote
466 1272 617 1363 ordinis,
642 1293 679 1346 et
704 1293 783 1345 curn
801 1271 896 1344 notis
913 1273 1047 1348 editurn
1066 1271 1355 1367 aChristopiroto

148 1364 367 1440 Hartknocb.
417 1369 580 1440 Ceterum
606 1367 788 1464 adjundius
814 1366 928 1440 ordini
952 1367 1003 1442 est
1025 1370 1130 1459 alius,
1156 1370 1268 1440 Gradi·
1298 1367 1353 1442 vei

144 1461 380 1557 eust-fetorum,
406 1464 447 1535 ad
465 1460 614 1535 formam
633 1461 937 1558 Tcmpiariorrrtn,
968 1484 1000 1539 a.
1028 1474 1131 1547 1186·
1157 1467 1279 1539 contra
1294 1465 1355 1538 Li·

144 1580 271 1648 venes,
312 1557 464 1653 aliosque
489 1559 637 1654 populos
663 1563 841 1645 barbaros,
882 1558 942 1631 sub
969 1560 1115 1634 Alberto
1149 1560 1351 1649 Bremense,

143 1651 319 1750 Episcopo
352 1656 530 1746 Regense‚
571 1653 760 1728 institutus.
818 1653 904 1729 Vid.
938 1654 1113 1729 Arnoidus
1144 1656 1352 1728 Lubeceniis

140 1747 177 1916 ¹in
200 1748 346 1823 historia
369 1750 551 1823 slavorum
575 1752 768 1841 tin-Vin,
794 1766 832 1821 et
857 1748 1043 1822 Krantzius
1072 1753 1094 1824 i.
1120 1750 1186 1825 VI.
1212 1751 1350 1826 Vanda-

150 1868 214 1921 tue.

185 1940 216 2039 i.
243 1940 283 2014 C.
316 1937 485 2034 Reliquos
512 1936 670 2031 ordines,
703 1939 773 2014 hoc
790 1939 907 2015 seculo
934 1957 1053 2029 natos,
1085 1939 1207 2034 paucis
1237 1937 1350 2012 adtin-

144 2061 232 2133 gam.
280 2034 457 2107 Institutus
493 2032 543 2105 est
575 2060 604 2108 a.
641 2057 775 2127 rino,
816 2035 857 2108 ad
893 2034 1172 2130 Tempiariorum
1213 2056 1350 2132 quoque

143 2138 311 2223 sormam,
337 2151 433 2201 oron
457 2133 611 2221 Equitum
636 2134 670 2204 S.
695 2132 881 2224 Sepulchri,
915 2128 1076 2204 adversus
1100 2128 1275 2218 infideles,
1309 2135 1347 2203 in

145 2228 246 2301 variis
271 2224 489 2320 Arragoniue
515 2224 618 2310 iotis;
651 2228 708 2319 qui
740 2223 846 2297 ctiam
859 2224 994 2312 fratres
1018 2228 1054 2296 de
1083 2226 1200 2315 palmis
1233 2226 1348 2319 adpel-

145 2324 281 2407 tantur,
328 2323 420 2415 quod
454 2321 598 2415 palmam
630 2323 800 2416 elegerint
838 2343 904 2415 pro
944 2318 1145 2414 insignibus.
1204 2319 1349 2393 Accidit

145 2417 204 2493 inb
226 2414 431 2515 Aiphnnso,
465 2416 682 2509 Arragoniae
710 2418 822 2511 Rege.
875 2413 962 2491 Vid.
987 2412 1102 2488 Surita
1124 2417 1232 2487 annai.
1262 2416 1284 2487 i.
1318 2417 1348 2492 i.

146 2517 242 2586 Circa
267 2514 420 2587 medium
451 2510 554 2582 seculi
579 2510 758 2586 institutus
777 2508 828 2584 est
853 2511 942 2583 ordo
964 2509 1115 2584 rnilitum
1150 2511 1346 2586 Calatravue

144 2616 250 2697 ortis,
283 2627 321 2680 et
344 2608 439 2677 urbis
463 2605 497 2675 in
522 2604 691 2695 Caistena,
731 2629 749 2679 a
779 2605 989 2700 Raynrundo
1022 2608 1159 2679 Abbate
1199 2607 1346 2697 Fiterii,
1378 2687 1385 2700 ,

143 2705 307 2780 coenobii
341 2698 592 2787 cisterciensis,
626 2701 663 2774 in
698 2700 891 2789 Vasconia,
924 2701 981 2774 vei
1018 2697 1205 2788 Navarris,
1245 2701 1344 2774 insti·

144 2821 249 2897 gance
272 2798 415 2870 Didaco
438 2794 649 2890 Veiasquio,
684 2816 728 2868 cx
753 2794 894 2869 strenuo
913 2796 1034 2875 ⁴milite
1056 2797 1243 2867 Monacho
1275 2796 1346 2869 fac·

144 2918 203 2986 to,
234 2895 331 2968 circa
355 2915 386 2964 a.
416 2899 542 2979 1158.,
577 2892 637 2962 sub
659 2889 801 2963 Sanctio
823 2894 978 2985 majore,
1038 2910 1111 2962 atre
1137 2889 1346 2964 Ferdinundi

143 2995 172 3067 Ι.
221 2988 452 3064 Occasionem
477 2984 574 3060 dedit
601 3006 718 3059 rumor
740 2984 783 3057 de
807 2984 953 3058 instante
1024 3006 1183 3059 aurorum
1207 2985 1349 3081 irrupti-

145 3108 223 3162 one.
275 3087 364 3158 Cum
402 3080 496 3154 enim
533 3079 756 3174 Templarii,
796 3078 853 3176 qui
883 3102 999 3154 arcem
1041 3083 1232 3169 tenebant,
1271 3104 1347 3156 earn

142 3174 901 3366 iiiiii‘iisiiia‘iidissiffssfliniinqiii
914 3174 1154 3366 disgeiiiiii?
1170 3173 1343 3367 {Sinin

143 3373 283 3449 Primati
312 3367 505 3453 Toletano,
541 3367 597 3461 qui
624 3389 707 3439 rnox
732 3368 872 3462 publice
897 3365 985 3440 fecit
1013 3366 1237 3461 proclamari,
1271 3327 1346 3441 orn:

143 3491 223 3558 net,
255 3465 316 3563 qni
341 3466 378 3535 in
401 3461 561 3534 auxilinm
586 3463 785 3534 Caiatravae
818 3460 933 3551 irent,
963 3461 1192 3535 remiiiionem
1224 3485 1347 3558 pccca-

143 3585 258 3639 torum
284 3560 464 3634 irabituros
486 3555 566 3629 effe.
620 3557 723 3630 Unde
739 3557 825 3628 ordo
852 3576 949 3629 natut
967 3555 1035 3644 est,
1064 3560 1143 3652 qui,
1170 3559 1345 3635 Caiatrava

140 3679 307 3753 accepta,
340 3654 390 3727 ibi
415 3652 532 3724 sedent
557 3652 692 3745 posuit,
725 3667 761 3723 et
784 3651 825 3721 ab
847 3651 1047 3724 Alexandro
1079 3654 1141 3727 ΙΙΙ.
1173 3677 1203 3727 a.
1239 3661 1345 3746 1164.

138 3757 379 3832 confirmatus.
432 3745 584 3820 Habitus
616 3769 704 3819 vero
734 3744 947 3842 distinguens
979 3746 1030 3820 est
1061 3748 1163 3845 niger
1203 3748 1348 3824 vestitus

137 3875 219 3929 cunr
252 3868 361 3922 cruce
400 3847 518 3916 rubea.
570 3841 655 3916 Vid.
689 3843 885 3928 Rodericus
920 3843 1111 3917 Toletanus
1142 3867 1208 3919 rer.
1247 3846 1346 3940 Hisp.

139 3951 166 4024 l.
189 3948 273 4018 Vll.
298 3961 334 4016 et
362 3937 523 4014 Mariana
546 3934 624 4010 hist.
649 3937 753 4033 Hiip.
787 3938 808 4009 Ι.
840 3937 902 4010 ΧΙ.
950 3938 1007 4010 Ad
1040 3938 1164 4012 horum
1196 3941 1360 4033 denique·

143 4063 295 4119 normam
322 4037 552 4114 surrexerunt
575 4034 731 4204 Equitei³
742 4034 777 4107 S.
801 4030 930 4130 Juliani
953 4032 999 4108 de
1023 4034 1172 4125 Peittro,
1205 4034 1244 4109 in
1268 4057 1356 4127 reg-r

149 4164 171 4193 ‘>
754 4148 776 4202 2
1306 4150 1356 4208 no
