<?xml version="1.0" encoding="UTF-8"?>
<!DOCTYPE html PUBLIC "-//W3C//DTD XHTML 1.0 Transitional//EN"
    "http://www.w3.org/TR/xhtml1/DTD/xhtml1-transitional.dtd">
<html xmlns="http://www.w3.org/1999/xhtml" xml:lang="en" lang="en">
 <head>
  <title>
</title>
<meta http-equiv="Content-Type" content="text/html;charset=utf-8" />
  <meta name='ocr-system' content='tesseract 3.04.00' />
  <meta name='ocr-capabilities' content='ocr_page ocr_carea ocr_par ocr_line ocrx_word'/>
</head>
<body>
  <div class='ocr_page' id='page_1' title='image "./hermannivenemai00venegoog_0347.png"; bbox 0 0 3022 4806; ppageno 0'>
   <div class='ocr_carea' id='block_1_1' title="bbox 122 570 959 707">
    <p class='ocr_par' dir='ltr' id='par_1_1' title="bbox 122 570 959 707">
     <span class='ocr_line' id='line_1_1' title="bbox 122 570 959 707; baseline 0.007 -45"><span class='ocrx_word' id='word_1_1' title='bbox 122 570 197 707; x_wconf 70' lang='lat'>&#39;340</span> <span class='ocrx_word' id='word_1_2' title='bbox 515 583 672 685; x_wconf 55' lang='lat' dir='ltr'>&amp;storia</span> <span class='ocrx_word' id='word_1_3' title='bbox 689 576 817 685; x_wconf 82' lang='lat' dir='ltr'>Eccles.</span> <span class='ocrx_word' id='word_1_4' title='bbox 842 572 959 687; x_wconf 72' lang='lat' dir='ltr'>dirisi.</span> 
     </span>
    </p>
   </div>
   <div class='ocr_carea' id='block_1_2' title="bbox 130 765 1364 4180">
    <p class='ocr_par' dir='ltr' id='par_1_2' title="bbox 130 765 1361 2761">
     <span class='ocr_line' id='line_1_2' title="bbox 130 765 1361 855; baseline -0.012 -1"><span class='ocrx_word' id='word_1_5' title='bbox 130 771 300 855; x_wconf 84' lang='lat' dir='ltr'>mentaria</span> <span class='ocrx_word' id='word_1_6' title='bbox 332 771 369 846; x_wconf 89' lang='lat' dir='ltr'>in</span> <span class='ocrx_word' id='word_1_7' title='bbox 405 765 508 842; x_wconf 72' lang='lat' dir='ltr'>libros</span> <span class='ocrx_word' id='word_1_8' title='bbox 553 766 827 855; x_wconf 85' lang='lat' dir='ltr'>sententiarum,</span> <span class='ocrx_word' id='word_1_9' title='bbox 869 768 1063 843; x_wconf 67' lang='lat' dir='ltr'>tristatum</span> <span class='ocrx_word' id='word_1_10' title='bbox 1090 766 1133 841; x_wconf 86' lang='lat' dir='ltr'>de</span> <span class='ocrx_word' id='word_1_11' title='bbox 1169 766 1361 842; x_wconf 84' lang='lat' dir='ltr'>inmacula-</span> 
     </span>
     <span class='ocr_line' id='line_1_3' title="bbox 130 858 1359 965; baseline -0.008 -21"><span class='ocrx_word' id='word_1_12' title='bbox 130 895 165 950; x_wconf 77' lang='lat' dir='ltr'>ta</span> <span class='ocrx_word' id='word_1_13' title='bbox 202 868 434 965; x_wconf 73' lang='lat' dir='ltr'>conceptione</span> <span class='ocrx_word' id='word_1_14' title='bbox 467 861 629 950; x_wconf 87' lang='lat' dir='ltr'>Mariae,</span> <span class='ocrx_word' id='word_1_15' title='bbox 669 862 877 937; x_wconf 89' lang='lat' dir='ltr'>breviarium</span> <span class='ocrx_word' id='word_1_16' title='bbox 901 858 1103 960; x_wconf 74' lang='lat' dir='ltr'>scripturae</span> <span class='ocrx_word' id='word_1_17' title='bbox 1125 865 1160 938; x_wconf 86' lang='lat' dir='ltr'>S.</span> <span class='ocrx_word' id='word_1_18' title='bbox 1186 886 1260 938; x_wconf 87' lang='lat' dir='ltr'>erc.</span> <span class='ocrx_word' id='word_1_19' title='bbox 1297 864 1359 957; x_wconf 81' lang='lat' dir='ltr'>Jo-</span> 
     </span>
     <span class='ocr_line' id='line_1_4' title="bbox 134 957 1359 1057; baseline -0.01 -17"><span class='ocrx_word' id='word_1_20' title='bbox 134 973 257 1047; x_wconf 77' lang='lat' dir='ltr'>liannes</span> <span class='ocrx_word' id='word_1_21' title='bbox 286 966 455 1046; x_wconf 74' lang='lat' dir='ltr'>Batonius,</span> <span class='ocrx_word' id='word_1_22' title='bbox 482 959 540 1029; x_wconf 79' lang='lat' dir='ltr'>stu</span> <span class='ocrx_word' id='word_1_23' title='bbox 565 957 863 1054; x_wconf 78' lang='lat' dir='ltr'>Buconthorpiur,</span> <span class='ocrx_word' id='word_1_24' title='bbox 897 982 1029 1054; x_wconf 76' lang='lat' dir='ltr'>apago</span> <span class='ocrx_word' id='word_1_25' title='bbox 1053 958 1128 1057; x_wconf 84' lang='lat' dir='ltr'>agri</span> <span class='ocrx_word' id='word_1_26' title='bbox 1153 957 1359 1032; x_wconf 80' lang='lat' dir='ltr'>Nordfolti·</span> 
     </span>
     <span class='ocr_line' id='line_1_5' title="bbox 132 1051 1357 1150; baseline -0.011 -11"><span class='ocrx_word' id='word_1_27' title='bbox 132 1064 222 1140; x_wconf 78' lang='lat' dir='ltr'>ensis</span> <span class='ocrx_word' id='word_1_28' title='bbox 241 1064 273 1131; x_wconf 92' lang='lat' dir='ltr'>in</span> <span class='ocrx_word' id='word_1_29' title='bbox 303 1054 450 1150; x_wconf 85' lang='lat' dir='ltr'>Anglia,</span> <span class='ocrx_word' id='word_1_30' title='bbox 476 1052 567 1124; x_wconf 88' lang='lat' dir='ltr'>unde</span> <span class='ocrx_word' id='word_1_31' title='bbox 584 1054 753 1125; x_wconf 77' lang='lat' dir='ltr'>oriundus</span> <span class='ocrx_word' id='word_1_32' title='bbox 775 1051 846 1141; x_wconf 88' lang='lat' dir='ltr'>est,</span> <span class='ocrx_word' id='word_1_33' title='bbox 873 1052 918 1126; x_wconf 85' lang='lat' dir='ltr'>lic</span> <span class='ocrx_word' id='word_1_34' title='bbox 937 1054 1066 1144; x_wconf 76' lang='lat' dir='ltr'>didius,</span> <span class='ocrx_word' id='word_1_35' title='bbox 1093 1055 1357 1127; x_wconf 86' lang='lat' dir='ltr'>Carmelitarum</span> 
     </span>
     <span class='ocr_line' id='line_1_6' title="bbox 134 1148 1355 1250; baseline -0.008 -18"><span class='ocrx_word' id='word_1_36' title='bbox 134 1162 173 1237; x_wconf 86' lang='lat' dir='ltr'>in</span> <span class='ocrx_word' id='word_1_37' title='bbox 210 1152 333 1250; x_wconf 84' lang='lat' dir='ltr'>Anglia</span> <span class='ocrx_word' id='word_1_38' title='bbox 365 1155 408 1223; x_wconf 84' lang='lat' dir='ltr'>ab</span> <span class='ocrx_word' id='word_1_39' title='bbox 440 1167 603 1238; x_wconf 82' lang='lat' dir='ltr'>a.1329.</span> <span class='ocrx_word' id='word_1_40' title='bbox 652 1148 903 1236; x_wconf 74' lang='lat' dir='ltr'>Prouincialis,</span> <span class='ocrx_word' id='word_1_41' title='bbox 945 1148 1084 1223; x_wconf 71' lang='lat' dir='ltr'>nonar</span> <span class='ocrx_word' id='word_1_42' title='bbox 1106 1148 1269 1246; x_wconf 82' lang='lat' dir='ltr'>resolutus</span> <span class='ocrx_word' id='word_1_43' title='bbox 1300 1148 1355 1222; x_wconf 90' lang='lat' dir='ltr'>ad·</span> 
     </span>
     <span class='ocr_line' id='line_1_7' title="bbox 135 1242 1353 1352; baseline -0.007 -27"><span class='ocrx_word' id='word_1_44' title='bbox 135 1253 302 1352; x_wconf 75' lang='lat' dir='ltr'>pellatur,</span> <span class='ocrx_word' id='word_1_45' title='bbox 326 1264 364 1318; x_wconf 90' lang='lat' dir='ltr'>et</span> <span class='ocrx_word' id='word_1_46' title='bbox 381 1242 539 1335; x_wconf 85' lang='lat' dir='ltr'>Princeps</span> <span class='ocrx_word' id='word_1_47' title='bbox 557 1242 833 1317; x_wconf 80' lang='lat' dir='ltr'>Averroistarum</span> <span class='ocrx_word' id='word_1_48' title='bbox 852 1245 1004 1333; x_wconf 84' lang='lat' dir='ltr'>habitus,</span> <span class='ocrx_word' id='word_1_49' title='bbox 1024 1259 1181 1318; x_wconf 81' lang='lat' dir='ltr'>mortuus</span> <span class='ocrx_word' id='word_1_50' title='bbox 1199 1268 1229 1318; x_wconf 84' lang='lat' dir='ltr'>a.</span> <span class='ocrx_word' id='word_1_51' title='bbox 1251 1251 1353 1339; x_wconf 77' lang='lat'>134⁶·</span> 
     </span>
     <span class='ocr_line' id='line_1_8' title="bbox 135 1335 1355 1433; baseline -0.011 -10"><span class='ocrx_word' id='word_1_52' title='bbox 135 1348 324 1424; x_wconf 87' lang='lat' dir='ltr'>multorum</span> <span class='ocrx_word' id='word_1_53' title='bbox 352 1338 561 1433; x_wconf 87' lang='lat' dir='ltr'>scriptorum</span> <span class='ocrx_word' id='word_1_54' title='bbox 587 1335 654 1410; x_wconf 84' lang='lat' dir='ltr'>fuit</span> <span class='ocrx_word' id='word_1_55' title='bbox 680 1357 801 1427; x_wconf 89' lang='lat' dir='ltr'>autor,</span> <span class='ocrx_word' id='word_1_56' title='bbox 836 1360 981 1433; x_wconf 92' lang='lat' dir='ltr'>quorum</span> <span class='ocrx_word' id='word_1_57' title='bbox 1007 1341 1120 1431; x_wconf 87' lang='lat' dir='ltr'>aliqua</span> <span class='ocrx_word' id='word_1_58' title='bbox 1149 1358 1284 1413; x_wconf 88' lang='lat' dir='ltr'>tantum</span> <span class='ocrx_word' id='word_1_59' title='bbox 1307 1341 1355 1410; x_wconf 93' lang='lat' dir='ltr'>lu·</span> 
     </span>
     <span class='ocr_line' id='line_1_9' title="bbox 136 1431 1353 1528; baseline -0.008 -11"><span class='ocrx_word' id='word_1_60' title='bbox 136 1465 216 1518; x_wconf 89' lang='lat' dir='ltr'>cem</span> <span class='ocrx_word' id='word_1_61' title='bbox 245 1433 495 1527; x_wconf 78' lang='lat' dir='ltr'>adspexerant,</span> <span class='ocrx_word' id='word_1_62' title='bbox 523 1450 560 1503; x_wconf 91' lang='lat' dir='ltr'>ut</span> <span class='ocrx_word' id='word_1_63' title='bbox 582 1454 638 1503; x_wconf 84' lang='lat' dir='ltr'>ex.</span> <span class='ocrx_word' id='word_1_64' title='bbox 664 1453 715 1524; x_wconf 86' lang='lat' dir='ltr'>gr.</span> <span class='ocrx_word' id='word_1_65' title='bbox 740 1435 786 1506; x_wconf 91' lang='lat' dir='ltr'>de</span> <span class='ocrx_word' id='word_1_66' title='bbox 812 1432 881 1505; x_wconf 86' lang='lat' dir='ltr'>fide</span> <span class='ocrx_word' id='word_1_67' title='bbox 904 1452 941 1505; x_wconf 90' lang='lat' dir='ltr'>et</span> <span class='ocrx_word' id='word_1_68' title='bbox 966 1431 1160 1528; x_wconf 86' lang='lat' dir='ltr'>baptismo,</span> <span class='ocrx_word' id='word_1_69' title='bbox 1187 1457 1353 1528; x_wconf 90' lang='lat' dir='ltr'>compen·</span> 
     </span>
     <span class='ocr_line' id='line_1_10' title="bbox 138 1523 1352 1627; baseline -0.007 -17"><span class='ocrx_word' id='word_1_70' title='bbox 138 1538 237 1610; x_wconf 87' lang='lat' dir='ltr'>dium</span> <span class='ocrx_word' id='word_1_71' title='bbox 261 1530 349 1627; x_wconf 74' lang='lat' dir='ltr'>legin</span> <span class='ocrx_word' id='word_1_72' title='bbox 373 1523 504 1603; x_wconf 83' lang='lat' dir='ltr'>Christi</span> <span class='ocrx_word' id='word_1_73' title='bbox 539 1542 575 1598; x_wconf 92' lang='lat' dir='ltr'>et</span> <span class='ocrx_word' id='word_1_74' title='bbox 607 1526 703 1599; x_wconf 80' lang='lat' dir='ltr'>vitae</span> <span class='ocrx_word' id='word_1_75' title='bbox 731 1525 962 1616; x_wconf 85' lang='lat' dir='ltr'>Christianae,</span> <span class='ocrx_word' id='word_1_76' title='bbox 1003 1549 1232 1603; x_wconf 87' lang='lat' dir='ltr'>commentar.</span> <span class='ocrx_word' id='word_1_77' title='bbox 1257 1531 1295 1601; x_wconf 92' lang='lat' dir='ltr'>in</span> <span class='ocrx_word' id='word_1_78' title='bbox 1316 1529 1352 1602; x_wconf 92' lang='lat' dir='ltr'>li·</span> 
     </span>
     <span class='ocr_line' id='line_1_11' title="bbox 139 1622 1349 1711; baseline -0.008 -6"><span class='ocrx_word' id='word_1_79' title='bbox 139 1635 223 1706; x_wconf 80' lang='lat' dir='ltr'>bros</span> <span class='ocrx_word' id='word_1_80' title='bbox 249 1623 515 1709; x_wconf 79' lang='lat' dir='ltr'>sententiarum,</span> <span class='ocrx_word' id='word_1_81' title='bbox 548 1642 618 1694; x_wconf 87' lang='lat' dir='ltr'>etc.</span> <span class='ocrx_word' id='word_1_82' title='bbox 670 1622 788 1695; x_wconf 82' lang='lat' dir='ltr'>Petrus</span> <span class='ocrx_word' id='word_1_83' title='bbox 819 1624 857 1693; x_wconf 82' lang='lat' dir='ltr'>de</span> <span class='ocrx_word' id='word_1_84' title='bbox 880 1623 1023 1711; x_wconf 86' lang='lat' dir='ltr'>Palude,</span> <span class='ocrx_word' id='word_1_85' title='bbox 1061 1624 1121 1696; x_wconf 90' lang='lat' dir='ltr'>seu</span> <span class='ocrx_word' id='word_1_86' title='bbox 1146 1623 1349 1711; x_wconf 78' lang='lat' dir='ltr'>Paludanus,</span> 
     </span>
     <span class='ocr_line' id='line_1_12' title="bbox 139 1715 1350 1820; baseline -0.007 -22"><span class='ocrx_word' id='word_1_87' title='bbox 139 1722 370 1820; x_wconf 79' lang='lat' dir='ltr'>Burgundur,</span> <span class='ocrx_word' id='word_1_88' title='bbox 404 1716 546 1791; x_wconf 72' lang='lat' dir='ltr'>Ordinis</span> <span class='ocrx_word' id='word_1_89' title='bbox 571 1715 849 1790; x_wconf 86' lang='lat' dir='ltr'>Praedicatorum</span> <span class='ocrx_word' id='word_1_90' title='bbox 873 1718 1066 1806; x_wconf 81' lang='lat' dir='ltr'>Prolellor,</span> <span class='ocrx_word' id='word_1_91' title='bbox 1098 1719 1186 1792; x_wconf 86' lang='lat' dir='ltr'>dein</span> <span class='ocrx_word' id='word_1_92' title='bbox 1212 1719 1350 1792; x_wconf 79' lang='lat' dir='ltr'>Paniar-</span> 
     </span>
     <span class='ocr_line' id='line_1_13' title="bbox 141 1813 1347 1909; baseline -0.007 -13"><span class='ocrx_word' id='word_1_93' title='bbox 141 1824 209 1896; x_wconf 86' lang='lat' dir='ltr'>clra</span> <span class='ocrx_word' id='word_1_94' title='bbox 235 1815 573 1909; x_wconf 82' lang='lat' dir='ltr'>Hierosolymitanur</span> <span class='ocrx_word' id='word_1_95' title='bbox 598 1814 648 1883; x_wconf 90' lang='lat' dir='ltr'>ab·</span> <span class='ocrx_word' id='word_1_96' title='bbox 672 1834 702 1884; x_wconf 88' lang='lat' dir='ltr'>a.</span> <span class='ocrx_word' id='word_1_97' title='bbox 731 1833 860 1906; x_wconf 61' lang='lat'>1329„</span> <span class='ocrx_word' id='word_1_98' title='bbox 901 1813 1084 1886; x_wconf 80' lang='lat' dir='ltr'>defundins</span> <span class='ocrx_word' id='word_1_99' title='bbox 1108 1813 1159 1886; x_wconf 88' lang='lat' dir='ltr'>est</span> <span class='ocrx_word' id='word_1_100' title='bbox 1187 1824 1218 1887; x_wconf 86' lang='lat' dir='ltr'>a&#39;.</span> <span class='ocrx_word' id='word_1_101' title='bbox 1249 1836 1347 1907; x_wconf 76' lang='lat'>1342.</span> 
     </span>
     <span class='ocr_line' id='line_1_14' title="bbox 143 1905 1351 2008; baseline -0.006 -19"><span class='ocrx_word' id='word_1_102' title='bbox 143 1915 227 1990; x_wconf 87' lang='lat' dir='ltr'>Fuit</span> <span class='ocrx_word' id='word_1_103' title='bbox 256 1910 464 2008; x_wconf 85' lang='lat' dir='ltr'>praecipuus</span> <span class='ocrx_word' id='word_1_104' title='bbox 490 1923 588 1978; x_wconf 89' lang='lat' dir='ltr'>autor</span> <span class='ocrx_word' id='word_1_105' title='bbox 609 1905 730 2000; x_wconf 88' lang='lat' dir='ltr'>judicii</span> <span class='ocrx_word' id='word_1_106' title='bbox 766 1907 938 1980; x_wconf 71' lang='lat' dir='ltr'>facultatis</span> <span class='ocrx_word' id='word_1_107' title='bbox 966 1907 1159 1983; x_wconf 85' lang='lat' dir='ltr'>Parifienlis</span> <span class='ocrx_word' id='word_1_108' title='bbox 1192 1908 1238 1981; x_wconf 88' lang='lat' dir='ltr'>de</span> <span class='ocrx_word' id='word_1_109' title='bbox 1263 1906 1351 2001; x_wconf 69' lang='lat' dir='ltr'>alfio</span> 
     </span>
     <span class='ocr_line' id='line_1_15' title="bbox 144 1992 1353 2103; baseline -0.006 -17"><span class='ocrx_word' id='word_1_110' title='bbox 144 2037 182 2087; x_wconf 80' lang='lat' dir='ltr'>nr</span> <span class='ocrx_word' id='word_1_111' title='bbox 215 2009 366 2103; x_wconf 80' lang='lat' dir='ltr'>beatifica</span> <span class='ocrx_word' id='word_1_112' title='bbox 407 2021 529 2075; x_wconf 87' lang='lat' dir='ltr'>contra</span> <span class='ocrx_word' id='word_1_113' title='bbox 560 1992 751 2093; x_wconf 84' lang='lat' dir='ltr'>Johannem</span> <span class='ocrx_word' id='word_1_114' title='bbox 782 2003 928 2091; x_wconf 89' lang='lat' dir='ltr'>XXll.‚</span> <span class='ocrx_word' id='word_1_115' title='bbox 967 2004 1057 2098; x_wconf 82' lang='lat' dir='ltr'>apud</span> <span class='ocrx_word' id='word_1_116' title='bbox 1088 2004 1353 2079; x_wconf 86' lang='lat' dir='ltr'>Launoiumin</span> 
     </span>
     <span class='ocr_line' id='line_1_16' title="bbox 145 2096 1354 2197; baseline -0.006 -18"><span class='ocrx_word' id='word_1_117' title='bbox 145 2104 290 2181; x_wconf 86' lang='lat' dir='ltr'>historia</span> <span class='ocrx_word' id='word_1_118' title='bbox 341 2096 477 2197; x_wconf 76' lang='lat' dir='ltr'>ymnussi</span> <span class='ocrx_word' id='word_1_119' title='bbox 508 2100 684 2171; x_wconf 76' lang='lat' dir='ltr'>Nararrei.</span> <span class='ocrx_word' id='word_1_120' title='bbox 741 2099 780 2170; x_wconf 90' lang='lat' dir='ltr'>ln</span> <span class='ocrx_word' id='word_1_121' title='bbox 817 2120 859 2170; x_wconf 83' lang='lat' dir='ltr'>ea</span> <span class='ocrx_word' id='word_1_122' title='bbox 888 2119 1026 2193; x_wconf 88' lang='lat' dir='ltr'>quoque</span> <span class='ocrx_word' id='word_1_123' title='bbox 1056 2098 1126 2170; x_wconf 86' lang='lat' dir='ltr'>fuit</span> <span class='ocrx_word' id='word_1_124' title='bbox 1162 2100 1354 2193; x_wconf 87' lang='lat' dir='ltr'>opinione,</span> 
     </span>
     <span class='ocr_line' id='line_1_17' title="bbox 144 2127 1353 2296; baseline -0.008 -20"><span class='ocrx_word' id='word_1_125' title='bbox 144 2203 291 2296; x_wconf 79' lang='lat' dir='ltr'>sigillum</span> <span class='ocrx_word' id='word_1_126' title='bbox 315 2127 441 2272; x_wconf 55' lang='lat' dir='ltr'>fecreti</span> <span class='ocrx_word' id='word_1_127' title='bbox 468 2196 504 2268; x_wconf 92' lang='lat' dir='ltr'>in</span> <span class='ocrx_word' id='word_1_128' title='bbox 528 2191 948 2285; x_wconf 71' lang='lat' dir='ltr'>conscilium-auriculari</span> <span class='ocrx_word' id='word_1_129' title='bbox 976 2193 1011 2263; x_wconf 86' lang='lat' dir='ltr'>se</span> <span class='ocrx_word' id='word_1_130' title='bbox 1041 2193 1082 2264; x_wconf 90' lang='lat' dir='ltr'>ad</span> <span class='ocrx_word' id='word_1_131' title='bbox 1108 2208 1258 2287; x_wconf 77' lang='lat' dir='ltr'>peecata</span> <span class='ocrx_word' id='word_1_132' title='bbox 1282 2212 1353 2267; x_wconf 83' lang='lat' dir='ltr'>tan·</span> 
     </span>
     <span class='ocr_line' id='line_1_18' title="bbox 148 2285 1355 2385; baseline -0.008 -14"><span class='ocrx_word' id='word_1_133' title='bbox 148 2320 223 2372; x_wconf 88' lang='lat' dir='ltr'>tum</span> <span class='ocrx_word' id='word_1_134' title='bbox 247 2296 459 2375; x_wconf 81' lang='lat' dir='ltr'>extendere,</span> <span class='ocrx_word' id='word_1_135' title='bbox 483 2298 561 2359; x_wconf 80' lang='lat' dir='ltr'>&#39;non</span> <span class='ocrx_word' id='word_1_136' title='bbox 584 2288 627 2359; x_wconf 90' lang='lat' dir='ltr'>ad</span> <span class='ocrx_word' id='word_1_137' title='bbox 652 2311 713 2376; x_wconf 91' lang='lat' dir='ltr'>ea,</span> <span class='ocrx_word' id='word_1_138' title='bbox 746 2308 832 2382; x_wconf 88' lang='lat' dir='ltr'>quae</span> <span class='ocrx_word' id='word_1_139' title='bbox 856 2286 897 2359; x_wconf 86' lang='lat' dir='ltr'>ad</span> <span class='ocrx_word' id='word_1_140' title='bbox 922 2285 1083 2385; x_wconf 80' lang='lat' dir='ltr'>veritatis</span> <span class='ocrx_word' id='word_1_141' title='bbox 1106 2288 1355 2366; x_wconf 82' lang='lat' dir='ltr'>manifestatio·</span> 
     </span>
     <span class='ocr_line' id='line_1_19' title="bbox 144 2381 1354 2480; baseline -0.001 -20"><span class='ocrx_word' id='word_1_142' title='bbox 144 2412 224 2467; x_wconf 86' lang='lat' dir='ltr'>nem</span> <span class='ocrx_word' id='word_1_143' title='bbox 248 2388 402 2473; x_wconf 86' lang='lat' dir='ltr'>faciunt,</span> <span class='ocrx_word' id='word_1_144' title='bbox 437 2384 591 2473; x_wconf 87' lang='lat' dir='ltr'>adeoque</span> <span class='ocrx_word' id='word_1_145' title='bbox 625 2381 836 2453; x_wconf 83' lang='lat' dir='ltr'>ea&#39;reoelari</span> <span class='ocrx_word' id='word_1_146' title='bbox 865 2381 974 2478; x_wconf 69' lang='lat' dir='ltr'>polle·</span> <span class='ocrx_word' id='word_1_147' title='bbox 1024 2382 1354 2480; x_wconf 80' lang='lat' dir='ltr'>Quod·Catholico.·</span> 
     </span>
     <span class='ocr_line' id='line_1_20' title="bbox 147 2474 1350 2570; baseline -0.008 -11"><span class='ocrx_word' id='word_1_148' title='bbox 147 2480 302 2559; x_wconf 87' lang='lat' dir='ltr'>Romani</span> <span class='ocrx_word' id='word_1_149' title='bbox 334 2480 369 2551; x_wconf 91' lang='lat' dir='ltr'>in</span> <span class='ocrx_word' id='word_1_150' title='bbox 403 2499 446 2546; x_wconf 87' lang='lat' dir='ltr'>eo</span> <span class='ocrx_word' id='word_1_151' title='bbox 478 2493 636 2564; x_wconf 87' lang='lat' dir='ltr'>carpunt.</span> <span class='ocrx_word' id='word_1_152' title='bbox 693 2474 835 2570; x_wconf 79' lang='lat' dir='ltr'>Scripsit</span> <span class='ocrx_word' id='word_1_153' title='bbox 875 2478 910 2549; x_wconf 92' lang='lat' dir='ltr'>in</span> <span class='ocrx_word' id='word_1_154' title='bbox 950 2478 1052 2550; x_wconf 82' lang='lat' dir='ltr'>libros</span> <span class='ocrx_word' id='word_1_155' title='bbox 1086 2476 1350 2564; x_wconf 82' lang='lat' dir='ltr'>sententiarum,</span> 
     </span>
     <span class='ocr_line' id='line_1_21' title="bbox 146 2569 1353 2671; baseline -0.007 -16"><span class='ocrx_word' id='word_1_156' title='bbox 146 2579 356 2671; x_wconf 84' lang='lat' dir='ltr'>Scripturam</span> <span class='ocrx_word' id='word_1_157' title='bbox 380 2574 435 2659; x_wconf 89' lang='lat' dir='ltr'>S.,</span> <span class='ocrx_word' id='word_1_158' title='bbox 469 2571 515 2640; x_wconf 90' lang='lat' dir='ltr'>de</span> <span class='ocrx_word' id='word_1_159' title='bbox 541 2570 636 2640; x_wconf 86' lang='lat' dir='ltr'>causa</span> <span class='ocrx_word' id='word_1_160' title='bbox 666 2569 854 2643; x_wconf 87' lang='lat' dir='ltr'>inmediata</span> <span class='ocrx_word' id='word_1_161' title='bbox 878 2569 1136 2645; x_wconf 82' lang='lat' dir='ltr'>Ecclesiasticae</span> <span class='ocrx_word' id='word_1_162' title='bbox 1159 2574 1353 2670; x_wconf 80' lang='lat' dir='ltr'>potestatis,</span> 
     </span>
     <span class='ocr_line' id='line_1_22' title="bbox 146 2665 1219 2761; baseline -0.007 -10"><span class='ocrx_word' id='word_1_163' title='bbox 146 2695 185 2751; x_wconf 87' lang='lat' dir='ltr'>ct</span> <span class='ocrx_word' id='word_1_164' title='bbox 208 2688 330 2747; x_wconf 88' lang='lat' dir='ltr'>contra</span> <span class='ocrx_word' id='word_1_165' title='bbox 355 2684 589 2761; x_wconf 82' lang='lat' dir='ltr'>paupertatem</span> <span class='ocrx_word' id='word_1_166' title='bbox 615 2665 847 2737; x_wconf 87' lang='lat' dir='ltr'>omnimodam</span> <span class='ocrx_word' id='word_1_167' title='bbox 871 2667 1122 2740; x_wconf 85' lang='lat' dir='ltr'>Minoritarum</span> <span class='ocrx_word' id='word_1_168' title='bbox 1148 2690 1219 2743; x_wconf 87' lang='lat' dir='ltr'>etc.</span> 
     </span>
    </p>

    <p class='ocr_par' dir='ltr' id='par_1_3' title="bbox 140 2759 1364 4180">
     <span class='ocr_line' id='line_1_23' title="bbox 150 2759 1357 2870; baseline -0.001 -31"><span class='ocrx_word' id='word_1_169' title='bbox 150 2794 154 2803; x_wconf 95' lang='lat'>·</span> <span class='ocrx_word' id='word_1_170' title='bbox 194 2769 226 2870; x_wconf 75' lang='lat'>§.</span> <span class='ocrx_word' id='word_1_171' title='bbox 254 2766 352 2838; x_wconf 77' lang='lat' dir='ltr'><strong>CCC.</strong></span> <span class='ocrx_word' id='word_1_172' title='bbox 385 2759 537 2854; x_wconf 79' lang='lat' dir='ltr'>Reliquit</span> <span class='ocrx_word' id='word_1_173' title='bbox 559 2759 703 2848; x_wconf 80' lang='lat' dir='ltr'>omillis,</span> <span class='ocrx_word' id='word_1_174' title='bbox 736 2782 815 2833; x_wconf 92' lang='lat' dir='ltr'>cum</span> <span class='ocrx_word' id='word_1_175' title='bbox 843 2774 963 2832; x_wconf 85' lang='lat' dir='ltr'>omnes</span> <span class='ocrx_word' id='word_1_176' title='bbox 988 2765 1167 2841; x_wconf 68' lang='lat' dir='ltr'>reeensere</span> <span class='ocrx_word' id='word_1_177' title='bbox 1190 2786 1256 2838; x_wconf 85' lang='lat' dir='ltr'>nec</span> <span class='ocrx_word' id='word_1_178' title='bbox 1276 2763 1357 2838; x_wconf 87' lang='lat' dir='ltr'>lice·</span> 
     </span>
     <span class='ocr_line' id='line_1_24' title="bbox 148 2855 1359 2955; baseline -0.003 -18"><span class='ocrx_word' id='word_1_179' title='bbox 148 2876 224 2955; x_wconf 70' lang='lat' dir='ltr'>at,</span> <span class='ocrx_word' id='word_1_180' title='bbox 245 2880 316 2937; x_wconf 85' lang='lat' dir='ltr'>nec</span> <span class='ocrx_word' id='word_1_181' title='bbox 347 2860 453 2948; x_wconf 82' lang='lat' dir='ltr'>scopo</span> <span class='ocrx_word' id='word_1_182' title='bbox 479 2855 688 2941; x_wconf 85' lang='lat' dir='ltr'>conveniat,</span> <span class='ocrx_word' id='word_1_183' title='bbox 711 2855 779 2928; x_wconf 72' lang='lat' dir='ltr'>&#39;in-</span> <span class='ocrx_word' id='word_1_184' title='bbox 802 2855 993 2949; x_wconf 65' lang='lat' dir='ltr'>Rapmundo</span> <span class='ocrx_word' id='word_1_185' title='bbox 1020 2858 1139 2944; x_wconf 87' lang='lat' dir='ltr'>Lullo,</span> <span class='ocrx_word' id='word_1_186' title='bbox 1174 2860 1269 2932; x_wconf 85' lang='lat' dir='ltr'>haud</span> <span class='ocrx_word' id='word_1_187' title='bbox 1292 2876 1359 2933; x_wconf 88' lang='lat' dir='ltr'>uno</span> 
     </span>
     <span class='ocr_line' id='line_1_25' title="bbox 146 2947 1353 3046; baseline -0.011 -8"><span class='ocrx_word' id='word_1_188' title='bbox 146 2949 446 3039; x_wconf 67' lang='lat' dir='ltr'>nominetelebri</span> <span class='ocrx_word' id='word_1_189' title='bbox 472 2954 571 3038; x_wconf 80' lang='lat' dir='ltr'>viro,</span> <span class='ocrx_word' id='word_1_190' title='bbox 596 2947 757 3023; x_wconf 78' lang='lat' dir='ltr'>desinam.</span> <span class='ocrx_word' id='word_1_191' title='bbox 810 2952 891 3024; x_wconf 84' lang='lat' dir='ltr'>Fuit</span> <span class='ocrx_word' id='word_1_192' title='bbox 909 2954 1245 3046; x_wconf 78' lang='lat' dir='ltr'>Majoricensn,&#39;ex</span> <span class='ocrx_word' id='word_1_193' title='bbox 1260 2952 1324 3027; x_wconf 86' lang='lat' dir='ltr'>&#39;inl</span> <span class='ocrx_word' id='word_1_194' title='bbox 1342 2995 1353 3015; x_wconf 88' lang='lat'><strong>·</strong></span> 
     </span>
     <span class='ocr_line' id='line_1_26' title="bbox 150 3045 1360 3146; baseline -0.007 -13"><span class='ocrx_word' id='word_1_195' title='bbox 150 3062 183 3134; x_wconf 90' lang='lat' dir='ltr'>lu</span> <span class='ocrx_word' id='word_1_196' title='bbox 199 3050 385 3146; x_wconf 65' lang='lat' dir='ltr'>Majorica</span> <span class='ocrx_word' id='word_1_197' title='bbox 412 3045 503 3140; x_wconf 88' lang='lat' dir='ltr'>apud</span> <span class='ocrx_word' id='word_1_198' title='bbox 528 3045 701 3134; x_wconf 84' lang='lat' dir='ltr'>Baleares,</span> <span class='ocrx_word' id='word_1_199' title='bbox 727 3045 842 3142; x_wconf 90' lang='lat' dir='ltr'>primo</span> <span class='ocrx_word' id='word_1_200' title='bbox 865 3052 1057 3136; x_wconf 85' lang='lat' dir='ltr'>mercator,</span> <span class='ocrx_word' id='word_1_201' title='bbox 1088 3069 1126 3122; x_wconf 92' lang='lat' dir='ltr'>et</span> <span class='ocrx_word' id='word_1_202' title='bbox 1150 3048 1247 3122; x_wconf 84' lang='lat' dir='ltr'>vitae</span> <span class='ocrx_word' id='word_1_203' title='bbox 1273 3051 1360 3125; x_wconf 84' lang='lat' dir='ltr'>infa-</span> 
     </span>
     <span class='ocr_line' id='line_1_27' title="bbox 149 3138 1361 3237; baseline -0.007 -9"><span class='ocrx_word' id='word_1_204' title='bbox 149 3152 234 3237; x_wconf 78' lang='lat' dir='ltr'>mis,</span> <span class='ocrx_word' id='word_1_205' title='bbox 274 3146 355 3219; x_wconf 90' lang='lat' dir='ltr'>dein</span> <span class='ocrx_word' id='word_1_206' title='bbox 385 3142 569 3236; x_wconf 87' lang='lat' dir='ltr'>inopinato</span> <span class='ocrx_word' id='word_1_207' title='bbox 596 3138 708 3234; x_wconf 88' lang='lat' dir='ltr'>aliquo</span> <span class='ocrx_word' id='word_1_208' title='bbox 739 3141 816 3214; x_wconf 86' lang='lat' dir='ltr'>casu</span> <span class='ocrx_word' id='word_1_209' title='bbox 846 3142 887 3214; x_wconf 90' lang='lat' dir='ltr'>ad</span> <span class='ocrx_word' id='word_1_210' title='bbox 924 3144 1104 3214; x_wconf 88' lang='lat' dir='ltr'>meliorem</span> <span class='ocrx_word' id='word_1_211' title='bbox 1139 3166 1298 3217; x_wconf 88' lang='lat' dir='ltr'>mentem</span> <span class='ocrx_word' id='word_1_212' title='bbox 1326 3165 1361 3220; x_wconf 86' lang='lat' dir='ltr'>et</span> 
     </span>
     <span class='ocr_line' id='line_1_28' title="bbox 149 3235 1361 3330; baseline -0.007 -6"><span class='ocrx_word' id='word_1_213' title='bbox 149 3248 262 3324; x_wconf 86' lang='lat' dir='ltr'>vitam</span> <span class='ocrx_word' id='word_1_214' title='bbox 289 3237 499 3324; x_wconf 84' lang='lat' dir='ltr'>conversus,</span> <span class='ocrx_word' id='word_1_215' title='bbox 534 3235 604 3308; x_wconf 87' lang='lat' dir='ltr'>sese</span> <span class='ocrx_word' id='word_1_216' title='bbox 629 3237 810 3310; x_wconf 87' lang='lat' dir='ltr'>Minoritis</span> <span class='ocrx_word' id='word_1_217' title='bbox 836 3235 1013 3330; x_wconf 85' lang='lat' dir='ltr'>adjunxit,</span> <span class='ocrx_word' id='word_1_218' title='bbox 1057 3257 1240 3328; x_wconf 87' lang='lat' dir='ltr'>totumque</span> <span class='ocrx_word' id='word_1_219' title='bbox 1261 3241 1361 3315; x_wconf 88' lang='lat' dir='ltr'>tradi·</span> 
     </span>
     <span class='ocr_line' id='line_1_29' title="bbox 149 3328 1360 3426; baseline -0.009 -6"><span class='ocrx_word' id='word_1_220' title='bbox 149 3345 205 3420; x_wconf 88' lang='lat' dir='ltr'>dit</span> <span class='ocrx_word' id='word_1_221' title='bbox 227 3335 347 3414; x_wconf 84' lang='lat' dir='ltr'>studiis</span> <span class='ocrx_word' id='word_1_222' title='bbox 363 3333 587 3426; x_wconf 87' lang='lat' dir='ltr'>linguarum,</span> <span class='ocrx_word' id='word_1_223' title='bbox 613 3328 875 3426; x_wconf 82' lang='lat' dir='ltr'>Philosophiae,¹</span> <span class='ocrx_word' id='word_1_224' title='bbox 909 3351 942 3400; x_wconf 89' lang='lat' dir='ltr'>et</span> <span class='ocrx_word' id='word_1_225' title='bbox 974 3333 1114 3405; x_wconf 86' lang='lat' dir='ltr'>aliarum</span> <span class='ocrx_word' id='word_1_226' title='bbox 1143 3334 1360 3423; x_wconf 83' lang='lat' dir='ltr'>scientiarum</span> 
     </span>
     <span class='ocr_line' id='line_1_30' title="bbox 149 3425 1358 3525; baseline -0.008 -10"><span class='ocrx_word' id='word_1_227' title='bbox 149 3462 192 3515; x_wconf 81' lang='lat' dir='ltr'>ac</span> <span class='ocrx_word' id='word_1_228' title='bbox 217 3435 356 3512; x_wconf 81' lang='lat' dir='ltr'>artiun&#39;n</span> <span class='ocrx_word' id='word_1_229' title='bbox 403 3431 542 3525; x_wconf 80' lang='lat' dir='ltr'>Magno</span> <span class='ocrx_word' id='word_1_230' title='bbox 568 3442 680 3499; x_wconf 82' lang='lat' dir='ltr'>autem</span> <span class='ocrx_word' id='word_1_231' title='bbox 705 3426 817 3501; x_wconf 90' lang='lat' dir='ltr'>studio</span> <span class='ocrx_word' id='word_1_232' title='bbox 849 3425 1003 3498; x_wconf 75' lang='lat' dir='ltr'>infideles</span> <span class='ocrx_word' id='word_1_233' title='bbox 1027 3431 1277 3515; x_wconf 84' lang='lat' dir='ltr'>convertendi</span> <span class='ocrx_word' id='word_1_234' title='bbox 1298 3432 1358 3505; x_wconf 86' lang='lat' dir='ltr'>fla·</span> 
     </span>
     <span class='ocr_line' id='line_1_31' title="bbox 156 3521 1361 3625; baseline -0.004 -21"><span class='ocrx_word' id='word_1_235' title='bbox 156 3544 271 3618; x_wconf 57' lang='lat' dir='ltr'>&#39;raom</span> <span class='ocrx_word' id='word_1_236' title='bbox 295 3530 372 3625; x_wconf 76' lang='lat' dir='ltr'>plna</span> <span class='ocrx_word' id='word_1_237' title='bbox 391 3536 464 3599; x_wconf 78' lang='lat' dir='ltr'>uria</span> <span class='ocrx_word' id='word_1_238' title='bbox 484 3521 570 3597; x_wconf 78' lang='lat' dir='ltr'>&#39;vice</span> <span class='ocrx_word' id='word_1_239' title='bbox 593 3521 752 3596; x_wconf 82' lang='lat' dir='ltr'>Africam</span> <span class='ocrx_word' id='word_1_240' title='bbox 777 3522 884 3613; x_wconf 87' lang='lat' dir='ltr'>adiit,</span> <span class='ocrx_word' id='word_1_241' title='bbox 908 3542 946 3593; x_wconf 88' lang='lat' dir='ltr'>nt</span> <span class='ocrx_word' id='word_1_242' title='bbox 964 3524 1143 3595; x_wconf 82' lang='lat' dir='ltr'>Saracenis</span> <span class='ocrx_word' id='word_1_243' title='bbox 1161 3524 1268 3611; x_wconf 78' lang='lat' dir='ltr'>fidem</span> <span class='ocrx_word' id='word_1_244' title='bbox 1287 3550 1361 3622; x_wconf 87' lang='lat' dir='ltr'>per·</span> 
     </span>
     <span class='ocr_line' id='line_1_32' title="bbox 150 3562 1362 3721; baseline -0.011 -12"><span class='ocrx_word' id='word_1_245' title='bbox 150 3562 330 3713; x_wconf 46' lang='lat' dir='ltr'>funderet,</span> <span class='ocrx_word' id='word_1_246' title='bbox 355 3618 419 3692; x_wconf 88' lang='lat' dir='ltr'>-sed</span> <span class='ocrx_word' id='word_1_247' title='bbox 445 3628 578 3713; x_wconf 79' lang='lat' dir='ltr'>magno</span> <span class='ocrx_word' id='word_1_248' title='bbox 596 3680 599 3685; x_wconf 93' lang='lat'>.</span> <span class='ocrx_word' id='word_1_249' title='bbox 615 3616 676 3688; x_wconf 93' lang='lat' dir='ltr'>suo</span> <span class='ocrx_word' id='word_1_250' title='bbox 708 3619 853 3705; x_wconf 85' lang='lat' dir='ltr'>damno,</span> <span class='ocrx_word' id='word_1_251' title='bbox 870 3615 998 3721; x_wconf 41' lang='lat' dir='ltr'>‘donec</span> <span class='ocrx_word' id='word_1_252' title='bbox 1023 3617 1138 3690; x_wconf 87' lang='lat' dir='ltr'>ultima</span> <span class='ocrx_word' id='word_1_253' title='bbox 1165 3621 1241 3692; x_wconf 87' lang='lat' dir='ltr'>vice</span> <span class='ocrx_word' id='word_1_254' title='bbox 1278 3623 1362 3696; x_wconf 85' lang='lat' dir='ltr'>adeo</span> 
     </span>
     <span class='ocr_line' id='line_1_33' title="bbox 152 3710 1361 3805; baseline -0.01 -7"><span class='ocrx_word' id='word_1_255' title='bbox 152 3723 261 3805; x_wconf 79' lang='lat' dir='ltr'>fuerit</span> <span class='ocrx_word' id='word_1_256' title='bbox 286 3716 520 3797; x_wconf 83' lang='lat' dir='ltr'>excruciatur,</span> <span class='ocrx_word' id='word_1_257' title='bbox 547 3710 1115 3804; x_wconf 74' lang='lat' dir='ltr'>utbrevioccubuerita&#39;1315.</span> <span class='ocrx_word' id='word_1_258' title='bbox 1165 3716 1361 3791; x_wconf 79' lang='lat' dir='ltr'>Cui-studio</span> 
     </span>
     <span class='ocr_line' id='line_1_34' title="bbox 152 3804 1363 3904; baseline -0.005 -11"><span class='ocrx_word' id='word_1_259' title='bbox 152 3825 256 3898; x_wconf 84' lang='lat' dir='ltr'>&#39;etiam</span> <span class='ocrx_word' id='word_1_260' title='bbox 280 3825 460 3904; x_wconf 85' lang='lat' dir='ltr'>acceptum</span> <span class='ocrx_word' id='word_1_261' title='bbox 491 3804 669 3878; x_wconf 83' lang='lat' dir='ltr'>ferendum</span> <span class='ocrx_word' id='word_1_262' title='bbox 695 3806 764 3892; x_wconf 89' lang='lat' dir='ltr'>est,</span> <span class='ocrx_word' id='word_1_263' title='bbox 798 3807 891 3900; x_wconf 89' lang='lat' dir='ltr'>quod</span> <span class='ocrx_word' id='word_1_264' title='bbox 915 3808 1106 3903; x_wconf 82' lang='lat' dir='ltr'>linguarum</span> <span class='ocrx_word' id='word_1_265' title='bbox 1131 3810 1363 3888; x_wconf 83' lang='lat' dir='ltr'>Orientalium</span> 
     </span>
     <span class='ocr_line' id='line_1_35' title="bbox 150 3901 1363 4005; baseline -0.007 -12"><span class='ocrx_word' id='word_1_266' title='bbox 150 3911 328 3993; x_wconf 86' lang='lat' dir='ltr'>scientiam</span> <span class='ocrx_word' id='word_1_267' title='bbox 353 3904 477 4001; x_wconf 89' lang='lat' dir='ltr'>ubique</span> <span class='ocrx_word' id='word_1_268' title='bbox 499 3919 645 3974; x_wconf 85' lang='lat' dir='ltr'>conatus</span> <span class='ocrx_word' id='word_1_269' title='bbox 672 3901 777 3974; x_wconf 87' lang='lat' dir='ltr'>fuerit</span> <span class='ocrx_word' id='word_1_270' title='bbox 807 3902 1050 3990; x_wconf 84' lang='lat' dir='ltr'>introducere,</span> <span class='ocrx_word' id='word_1_271' title='bbox 1074 3923 1110 3975; x_wconf 91' lang='lat' dir='ltr'>et</span> <span class='ocrx_word' id='word_1_272' title='bbox 1141 3908 1182 3979; x_wconf 88' lang='lat' dir='ltr'>ad</span> <span class='ocrx_word' id='word_1_273' title='bbox 1215 3909 1363 4005; x_wconf 84' lang='lat' dir='ltr'>expedi·</span> 
     </span>
     <span class='ocr_line' id='line_1_36' title="bbox 147 3994 1364 4094; baseline -0.015 1"><span class='ocrx_word' id='word_1_274' title='bbox 147 4015 264 4094; x_wconf 80' lang='lat' dir='ltr'>tiones</span> <span class='ocrx_word' id='word_1_275' title='bbox 287 3994 516 4094; x_wconf 63' lang='lat' dir='ltr'>cruciatoria</span> <span class='ocrx_word' id='word_1_276' title='bbox 538 3995 1156 4091; x_wconf 72' lang='lat' dir='ltr'>Palaestinamomues-excitaverit,</span> <span class='ocrx_word' id='word_1_277' title='bbox 1181 4003 1262 4078; x_wconf 89' lang='lat' dir='ltr'>licet</span> <span class='ocrx_word' id='word_1_278' title='bbox 1278 4002 1364 4080; x_wconf 76' lang='lat' dir='ltr'>frul-</span> 
     </span>
     <span class='ocr_line' id='line_1_37' title="bbox 140 4119 1363 4180; baseline 0.003 -4"><span class='ocrx_word' id='word_1_279' title='bbox 140 4146 167 4166; x_wconf 51' lang='grc' dir='ltr'>οι</span> <span class='ocrx_word' id='word_1_280' title='bbox 285 4138 289 4149; x_wconf 94' lang='grc'><em>·</em></span> <span class='ocrx_word' id='word_1_281' title='bbox 776 4132 781 4145; x_wconf 92' lang='grc'><em>·</em></span> <span class='ocrx_word' id='word_1_282' title='bbox 1299 4119 1363 4180; x_wconf 72' lang='lat' dir='ltr'>tra.</span> 
     </span>
    </p>
   </div>
   <div class='ocr_carea' id='block_1_3' title="bbox 0 0 1547 4806">
    <p class='ocr_par' dir='ltr' id='par_1_4' title="bbox 0 0 1547 4806">
     <span class='ocr_line' id='line_1_38' title="bbox 0 0 1547 4806; baseline 0 0"><span class='ocrx_word' id='word_1_283' title='bbox 0 0 1547 4806; x_wconf 95' lang='lat' dir='ltr'> </span> 
     </span>
    </p>
   </div>
  </div>
 </body>
</html>
