<?xml version="1.0" encoding="UTF-8"?>
<!DOCTYPE html PUBLIC "-//W3C//DTD XHTML 1.0 Transitional//EN"
    "http://www.w3.org/TR/xhtml1/DTD/xhtml1-transitional.dtd">
<html xmlns="http://www.w3.org/1999/xhtml" xml:lang="en" lang="en">
 <head>
  <title>
</title>
<meta http-equiv="Content-Type" content="text/html;charset=utf-8" />
  <meta name='ocr-system' content='tesseract 3.04.00' />
  <meta name='ocr-capabilities' content='ocr_page ocr_carea ocr_par ocr_line ocrx_word'/>
</head>
<body>
  <div class='ocr_page' id='page_1' title='image "./hermannivenemai00venegoog_0244.png"; bbox 0 0 3022 4806; ppageno 0'>
   <div class='ocr_carea' id='block_1_1' title="bbox 661 314 1385 422">
    <p class='ocr_par' dir='ltr' id='par_1_1' title="bbox 661 314 1385 422">
     <span class='ocr_line' id='line_1_1' title="bbox 661 314 1385 422; baseline -0.001 -31"><span class='ocrx_word' id='word_1_1' title='bbox 661 314 766 395; x_wconf 81' lang='lat' dir='ltr'>Setul.</span> <span class='ocrx_word' id='word_1_2' title='bbox 795 314 903 392; x_wconf 81' lang='lat' dir='ltr'><strong>XIII.</strong></span> <span class='ocrx_word' id='word_1_3' title='bbox 1309 338 1385 422; x_wconf 72' lang='lat'>&#39;235</span> 
     </span>
    </p>
   </div>
   <div class='ocr_carea' id='block_1_2' title="bbox 123 487 1455 2975">
    <p class='ocr_par' dir='ltr' id='par_1_2' title="bbox 123 487 1455 2975">
     <span class='ocr_line' id='line_1_2' title="bbox 163 487 1378 591; baseline 0.008 -27"><span class='ocrx_word' id='word_1_4' title='bbox 163 487 341 589; x_wconf 57' lang='lat' dir='ltr'>‘nunqua</span> <span class='ocrx_word' id='word_1_5' title='bbox 366 506 406 564; x_wconf 86' lang='lat' dir='ltr'>nt</span> <span class='ocrx_word' id='word_1_6' title='bbox 439 488 523 570; x_wconf 91' lang='lat' dir='ltr'>illud</span> <span class='ocrx_word' id='word_1_7' title='bbox 546 492 751 585; x_wconf 89' lang='lat' dir='ltr'>invaderet,</span> <span class='ocrx_word' id='word_1_8' title='bbox 784 490 950 569; x_wconf 83' lang='lat' dir='ltr'>Flandroe</span> <span class='ocrx_word' id='word_1_9' title='bbox 973 490 1080 570; x_wconf 88' lang='lat' dir='ltr'>etiam</span> <span class='ocrx_word' id='word_1_10' title='bbox 1097 508 1143 581; x_wconf 80' lang='lat' dir='ltr'>et</span> <span class='ocrx_word' id='word_1_11' title='bbox 1174 490 1308 591; x_wconf 83' lang='lat' dir='ltr'>Angloe</span> <span class='ocrx_word' id='word_1_12' title='bbox 1341 500 1378 578; x_wconf 89' lang='lat' dir='ltr'>in</span> 
     </span>
     <span class='ocr_line' id='line_1_3' title="bbox 195 587 1372 680; baseline 0.009 -21"><span class='ocrx_word' id='word_1_13' title='bbox 195 610 302 680; x_wconf 82' lang='lat' dir='ltr'><strong>egem</strong></span> <span class='ocrx_word' id='word_1_14' title='bbox 319 587 450 661; x_wconf 85' lang='lat' dir='ltr'>acriter</span> <span class='ocrx_word' id='word_1_15' title='bbox 475 591 683 668; x_wconf 88' lang='lat' dir='ltr'>concitavit.</span> <span class='ocrx_word' id='word_1_16' title='bbox 732 590 821 679; x_wconf 86' lang='lat' dir='ltr'>Sed,</span> <span class='ocrx_word' id='word_1_17' title='bbox 846 606 926 663; x_wconf 89' lang='lat' dir='ltr'>ante</span> <span class='ocrx_word' id='word_1_18' title='bbox 952 611 1029 665; x_wconf 92' lang='lat' dir='ltr'>uam</span> <span class='ocrx_word' id='word_1_19' title='bbox 1053 591 1125 664; x_wconf 88' lang='lat' dir='ltr'>Itoc</span> <span class='ocrx_word' id='word_1_20' title='bbox 1141 588 1319 667; x_wconf 89' lang='lat' dir='ltr'>decretum</span> <span class='ocrx_word' id='word_1_21' title='bbox 1334 596 1372 671; x_wconf 88' lang='lat' dir='ltr'>in</span> 
     </span>
     <span class='ocr_line' id='line_1_4' title="bbox 155 613 1373 783; baseline 0.007 -29"><span class='ocrx_word' id='word_1_22' title='bbox 155 683 338 780; x_wconf 88' lang='lat' dir='ltr'>publicum</span> <span class='ocrx_word' id='word_1_23' title='bbox 371 684 615 779; x_wconf 85' lang='lat' dir='ltr'>emitteretur,</span> <span class='ocrx_word' id='word_1_24' title='bbox 640 689 732 783; x_wconf 91' lang='lat' dir='ltr'>Papa</span> <span class='ocrx_word' id='word_1_25' title='bbox 755 702 876 782; x_wconf 80' lang='lat' dir='ltr'>captur</span> <span class='ocrx_word' id='word_1_26' title='bbox 898 613 970 772; x_wconf 76' lang='lat' dir='ltr'>eli,</span> <span class='ocrx_word' id='word_1_27' title='bbox 994 704 1033 759; x_wconf 86' lang='lat' dir='ltr'>et</span> <span class='ocrx_word' id='word_1_28' title='bbox 1055 683 1156 759; x_wconf 89' lang='lat' dir='ltr'>brevi</span> <span class='ocrx_word' id='word_1_29' title='bbox 1179 684 1257 780; x_wconf 90' lang='lat' dir='ltr'>post</span> <span class='ocrx_word' id='word_1_30' title='bbox 1279 711 1373 762; x_wconf 91' lang='lat' dir='ltr'>mor·</span> 
     </span>
     <span class='ocr_line' id='line_1_5' title="bbox 155 778 1372 877; baseline 0.007 -26"><span class='ocrx_word' id='word_1_31' title='bbox 155 797 247 851; x_wconf 83' lang='lat' dir='ltr'>tuus.</span> <span class='ocrx_word' id='word_1_32' title='bbox 296 780 427 872; x_wconf 84' lang='lat' dir='ltr'>Captus</span> <span class='ocrx_word' id='word_1_33' title='bbox 449 781 498 854; x_wconf 89' lang='lat' dir='ltr'>cst</span> <span class='ocrx_word' id='word_1_34' title='bbox 514 807 578 877; x_wconf 85' lang='lat' dir='ltr'>per</span> <span class='ocrx_word' id='word_1_35' title='bbox 597 784 865 869; x_wconf 77' lang='lat' dir='ltr'>columnensee,</span> <span class='ocrx_word' id='word_1_36' title='bbox 888 778 1060 875; x_wconf 90' lang='lat' dir='ltr'>aliosque,</span> <span class='ocrx_word' id='word_1_37' title='bbox 1084 780 1265 875; x_wconf 82' lang='lat' dir='ltr'>Anagniae</span> <span class='ocrx_word' id='word_1_38' title='bbox 1287 807 1372 860; x_wconf 87' lang='lat' dir='ltr'>con·</span> 
     </span>
     <span class='ocr_line' id='line_1_6' title="bbox 156 871 1371 974; baseline 0.007 -28"><span class='ocrx_word' id='word_1_39' title='bbox 156 871 356 968; x_wconf 81' lang='lat' dir='ltr'>spiratione</span> <span class='ocrx_word' id='word_1_40' title='bbox 399 876 438 946; x_wconf 89' lang='lat' dir='ltr'>in</span> <span class='ocrx_word' id='word_1_41' title='bbox 478 900 557 949; x_wconf 89' lang='lat' dir='ltr'>eum</span> <span class='ocrx_word' id='word_1_42' title='bbox 590 877 698 966; x_wconf 89' lang='lat' dir='ltr'>inita,</span> <span class='ocrx_word' id='word_1_43' title='bbox 740 899 822 951; x_wconf 87' lang='lat' dir='ltr'>curn</span> <span class='ocrx_word' id='word_1_44' title='bbox 853 878 1021 952; x_wconf 86' lang='lat' dir='ltr'>scriberet</span> <span class='ocrx_word' id='word_1_45' title='bbox 1053 876 1230 949; x_wconf 88' lang='lat' dir='ltr'>decretum</span> <span class='ocrx_word' id='word_1_46' title='bbox 1264 878 1371 974; x_wconf 87' lang='lat' dir='ltr'>illud,</span> 
     </span>
     <span class='ocr_line' id='line_1_7' title="bbox 157 970 1368 1070; baseline 0.004 -30"><span class='ocrx_word' id='word_1_47' title='bbox 157 970 291 1055; x_wconf 91' lang='lat' dir='ltr'>inscio,</span> <span class='ocrx_word' id='word_1_48' title='bbox 317 988 357 1042; x_wconf 90' lang='lat' dir='ltr'>ut</span> <span class='ocrx_word' id='word_1_49' title='bbox 381 972 524 1062; x_wconf 89' lang='lat' dir='ltr'>volunt,</span> <span class='ocrx_word' id='word_1_50' title='bbox 549 974 653 1070; x_wconf 83' lang='lat' dir='ltr'>Rege</span> <span class='ocrx_word' id='word_1_51' title='bbox 679 973 823 1046; x_wconf 88' lang='lat' dir='ltr'>Galliae.</span> <span class='ocrx_word' id='word_1_52' title='bbox 875 970 1115 1067; x_wconf 88' lang='lat' dir='ltr'>Recuperavit</span> <span class='ocrx_word' id='word_1_53' title='bbox 1133 973 1274 1068; x_wconf 89' lang='lat' dir='ltr'>quidem</span> <span class='ocrx_word' id='word_1_54' title='bbox 1290 978 1368 1070; x_wconf 88' lang='lat' dir='ltr'>post</span> 
     </span>
     <span class='ocr_line' id='line_1_8' title="bbox 155 1064 1367 1162; baseline 0.007 -24"><span class='ocrx_word' id='word_1_55' title='bbox 155 1064 308 1138; x_wconf 88' lang='lat' dir='ltr'>triduum</span> <span class='ocrx_word' id='word_1_56' title='bbox 342 1065 555 1160; x_wconf 89' lang='lat' dir='ltr'>libertatem,</span> <span class='ocrx_word' id='word_1_57' title='bbox 592 1093 672 1143; x_wconf 85' lang='lat' dir='ltr'>curn</span> <span class='ocrx_word' id='word_1_58' title='bbox 705 1064 965 1162; x_wconf 85' lang='lat' dir='ltr'>Anagnienses,</span> <span class='ocrx_word' id='word_1_59' title='bbox 997 1065 1117 1139; x_wconf 84' lang='lat' dir='ltr'>sumtis</span> <span class='ocrx_word' id='word_1_60' title='bbox 1149 1067 1268 1158; x_wconf 72' lang='lat' dir='ltr'>armis,</span> <span class='ocrx_word' id='word_1_61' title='bbox 1304 1096 1367 1146; x_wconf 83' lang='lat' dir='ltr'>ex·</span> 
     </span>
     <span class='ocr_line' id='line_1_9' title="bbox 154 1160 1364 1258; baseline 0.009 -28"><span class='ocrx_word' id='word_1_62' title='bbox 154 1160 320 1255; x_wconf 86' lang='lat' dir='ltr'>pulerunt</span> <span class='ocrx_word' id='word_1_63' title='bbox 344 1161 560 1254; x_wconf 84' lang='lat' dir='ltr'>conjuratos,</span> <span class='ocrx_word' id='word_1_64' title='bbox 593 1167 745 1238; x_wconf 85' lang='lat' dir='ltr'><strong>Romam</strong></span> <span class='ocrx_word' id='word_1_65' title='bbox 771 1165 876 1235; x_wconf 86' lang='lat' dir='ltr'>etiam</span> <span class='ocrx_word' id='word_1_66' title='bbox 899 1183 1020 1258; x_wconf 86' lang='lat' dir='ltr'>magna</span> <span class='ocrx_word' id='word_1_67' title='bbox 1045 1185 1125 1235; x_wconf 90' lang='lat' dir='ltr'>cum</span> <span class='ocrx_word' id='word_1_68' title='bbox 1150 1186 1282 1258; x_wconf 90' lang='lat' dir='ltr'>pompa</span> <span class='ocrx_word' id='word_1_69' title='bbox 1307 1167 1364 1243; x_wconf 90' lang='lat' dir='ltr'>in·</span> 
     </span>
     <span class='ocr_line' id='line_1_10' title="bbox 154 1253 1363 1355; baseline 0.01 -28"><span class='ocrx_word' id='word_1_70' title='bbox 154 1255 282 1342; x_wconf 85' lang='lat' dir='ltr'>travit,</span> <span class='ocrx_word' id='word_1_71' title='bbox 309 1253 368 1326; x_wconf 90' lang='lat' dir='ltr'>sed</span> <span class='ocrx_word' id='word_1_72' title='bbox 393 1255 429 1327; x_wconf 91' lang='lat' dir='ltr'>in</span> <span class='ocrx_word' id='word_1_73' title='bbox 454 1261 721 1333; x_wconf 84' lang='lat' dir='ltr'>ardentiliimum</span> <span class='ocrx_word' id='word_1_74' title='bbox 746 1279 829 1330; x_wconf 80' lang='lat' dir='ltr'>mox</span> <span class='ocrx_word' id='word_1_75' title='bbox 854 1255 978 1331; x_wconf 89' lang='lat' dir='ltr'>incidit</span> <span class='ocrx_word' id='word_1_76' title='bbox 994 1261 1173 1347; x_wconf 87' lang='lat' dir='ltr'>morbum,</span> <span class='ocrx_word' id='word_1_77' title='bbox 1200 1258 1258 1355; x_wconf 87' lang='lat' dir='ltr'>qui</span> <span class='ocrx_word' id='word_1_78' title='bbox 1282 1284 1363 1339; x_wconf 90' lang='lat' dir='ltr'>eum</span> 
     </span>
     <span class='ocr_line' id='line_1_11' title="bbox 154 1348 1362 1443; baseline 0.009 -19"><span class='ocrx_word' id='word_1_79' title='bbox 154 1349 294 1424; x_wconf 76' lang='lat' dir='ltr'>evivit</span> <span class='ocrx_word' id='word_1_80' title='bbox 316 1348 467 1425; x_wconf 86' lang='lat' dir='ltr'>abstulit.</span> <span class='ocrx_word' id='word_1_81' title='bbox 520 1356 674 1428; x_wconf 85' lang='lat' dir='ltr'>Narrant</span> <span class='ocrx_word' id='word_1_82' title='bbox 700 1353 879 1443; x_wconf 81' lang='lat' dir='ltr'>nonnulli,</span> <span class='ocrx_word' id='word_1_83' title='bbox 903 1375 985 1426; x_wconf 91' lang='lat' dir='ltr'>eum</span> <span class='ocrx_word' id='word_1_84' title='bbox 1008 1354 1103 1426; x_wconf 89' lang='lat' dir='ltr'>inter</span> <span class='ocrx_word' id='word_1_85' title='bbox 1125 1353 1362 1435; x_wconf 74' lang='lat' dir='ltr'>maledictam</span> 
     </span>
     <span class='ocr_line' id='line_1_12' title="bbox 155 1445 1360 1543; baseline 0.007 -23"><span class='ocrx_word' id='word_1_86' title='bbox 155 1446 289 1542; x_wconf 86' lang='lat' dir='ltr'>Regem</span> <span class='ocrx_word' id='word_1_87' title='bbox 315 1445 471 1540; x_wconf 76' lang='lat' dir='ltr'>conjecta</span> <span class='ocrx_word' id='word_1_88' title='bbox 491 1449 594 1524; x_wconf 87' lang='lat' dir='ltr'>instar</span> <span class='ocrx_word' id='word_1_89' title='bbox 619 1446 796 1524; x_wconf 87' lang='lat' dir='ltr'>furibundi</span> <span class='ocrx_word' id='word_1_90' title='bbox 811 1447 1009 1537; x_wconf 85' lang='lat' dir='ltr'>deceffilIe,</span> <span class='ocrx_word' id='word_1_91' title='bbox 1033 1450 1108 1521; x_wconf 90' lang='lat' dir='ltr'>imo</span> <span class='ocrx_word' id='word_1_92' title='bbox 1132 1466 1235 1543; x_wconf 86' lang='lat' dir='ltr'>caput</span> <span class='ocrx_word' id='word_1_93' title='bbox 1258 1475 1360 1529; x_wconf 90' lang='lat' dir='ltr'>muro</span> 
     </span>
     <span class='ocr_line' id='line_1_13' title="bbox 154 1539 1365 1640; baseline 0.007 -26"><span class='ocrx_word' id='word_1_94' title='bbox 154 1539 314 1632; x_wconf 72' lang='lat' dir='ltr'>adlitiffe,</span> <span class='ocrx_word' id='word_1_95' title='bbox 346 1560 383 1613; x_wconf 90' lang='lat' dir='ltr'>et</span> <span class='ocrx_word' id='word_1_96' title='bbox 409 1563 543 1639; x_wconf 84' lang='lat' dir='ltr'>ungues</span> <span class='ocrx_word' id='word_1_97' title='bbox 567 1544 805 1634; x_wconf 82' lang='lat' dir='ltr'>momordille:</span> <span class='ocrx_word' id='word_1_98' title='bbox 839 1542 897 1617; x_wconf 91' lang='lat' dir='ltr'>sed</span> <span class='ocrx_word' id='word_1_99' title='bbox 921 1544 1014 1640; x_wconf 89' lang='lat' dir='ltr'>quod</span> <span class='ocrx_word' id='word_1_100' title='bbox 1048 1541 1105 1616; x_wconf 88' lang='lat' dir='ltr'>alii</span> <span class='ocrx_word' id='word_1_101' title='bbox 1138 1543 1275 1616; x_wconf 82' lang='lat' dir='ltr'>silentio</span> <span class='ocrx_word' id='word_1_102' title='bbox 1308 1549 1365 1622; x_wconf 89' lang='lat' dir='ltr'>in·</span> 
     </span>
     <span class='ocr_line' id='line_1_14' title="bbox 156 1637 1362 1737; baseline 0.005 -28"><span class='ocrx_word' id='word_1_103' title='bbox 156 1639 360 1727; x_wconf 85' lang='lat' dir='ltr'>volverunt,</span> <span class='ocrx_word' id='word_1_104' title='bbox 402 1637 462 1711; x_wconf 84' lang='lat' dir='ltr'>alii</span> <span class='ocrx_word' id='word_1_105' title='bbox 494 1643 600 1713; x_wconf 91' lang='lat' dir='ltr'>etiam</span> <span class='ocrx_word' id='word_1_106' title='bbox 632 1643 841 1715; x_wconf 88' lang='lat' dir='ltr'>refutarunt.</span> <span class='ocrx_word' id='word_1_107' title='bbox 888 1638 990 1713; x_wconf 86' lang='lat' dir='ltr'>Sicut</span> <span class='ocrx_word' id='word_1_108' title='bbox 1020 1638 1138 1733; x_wconf 89' lang='lat' dir='ltr'>itaque</span> <span class='ocrx_word' id='word_1_109' title='bbox 1171 1659 1207 1709; x_wconf 84' lang='lat' dir='ltr'>ut</span> <span class='ocrx_word' id='word_1_110' title='bbox 1239 1643 1362 1737; x_wconf 84' lang='lat' dir='ltr'>vulpee</span> 
     </span>
     <span class='ocr_line' id='line_1_15' title="bbox 157 1731 1360 1832; baseline 0.003 -26"><span class='ocrx_word' id='word_1_111' title='bbox 157 1731 320 1820; x_wconf 88' lang='lat' dir='ltr'>intravit,</span> <span class='ocrx_word' id='word_1_112' title='bbox 356 1751 394 1804; x_wconf 91' lang='lat' dir='ltr'>et</span> <span class='ocrx_word' id='word_1_113' title='bbox 420 1751 579 1831; x_wconf 89' lang='lat' dir='ltr'>tanquam</span> <span class='ocrx_word' id='word_1_114' title='bbox 604 1736 660 1810; x_wconf 92' lang='lat' dir='ltr'>leo</span> <span class='ocrx_word' id='word_1_115' title='bbox 690 1734 872 1832; x_wconf 87' lang='lat' dir='ltr'>regnavit,</span> <span class='ocrx_word' id='word_1_116' title='bbox 911 1736 961 1809; x_wconf 87' lang='lat' dir='ltr'>ita</span> <span class='ocrx_word' id='word_1_117' title='bbox 985 1752 1139 1806; x_wconf 90' lang='lat' dir='ltr'>mortuus</span> <span class='ocrx_word' id='word_1_118' title='bbox 1164 1733 1213 1807; x_wconf 89' lang='lat' dir='ltr'>est</span> <span class='ocrx_word' id='word_1_119' title='bbox 1239 1754 1277 1808; x_wconf 90' lang='lat' dir='ltr'>ut</span> <span class='ocrx_word' id='word_1_120' title='bbox 1303 1758 1360 1810; x_wconf 89' lang='lat' dir='ltr'>ca·</span> 
     </span>
     <span class='ocr_line' id='line_1_16' title="bbox 159 1827 1358 1927; baseline 0.001 -25"><span class='ocrx_word' id='word_1_121' title='bbox 159 1827 218 1904; x_wconf 83' lang='lat' dir='ltr'>nie.</span> <span class='ocrx_word' id='word_1_122' title='bbox 265 1827 350 1900; x_wconf 87' lang='lat' dir='ltr'>Fuit</span> <span class='ocrx_word' id='word_1_123' title='bbox 372 1828 535 1923; x_wconf 88' lang='lat' dir='ltr'>quidem,</span> <span class='ocrx_word' id='word_1_124' title='bbox 564 1827 654 1903; x_wconf 90' lang='lat' dir='ltr'>teste</span> <span class='ocrx_word' id='word_1_125' title='bbox 678 1829 756 1927; x_wconf 87' lang='lat' dir='ltr'>ipso</span> <span class='ocrx_word' id='word_1_126' title='bbox 773 1829 936 1926; x_wconf 90' lang='lat' dir='ltr'>Johanne</span> <span class='ocrx_word' id='word_1_127' title='bbox 952 1828 1130 1910; x_wconf 89' lang='lat' dir='ltr'>Villanio,</span> <span class='ocrx_word' id='word_1_128' title='bbox 1158 1833 1209 1899; x_wconf 81' lang='lat' dir='ltr'>uir</span> <span class='ocrx_word' id='word_1_129' title='bbox 1230 1831 1358 1922; x_wconf 74' lang='lat' dir='ltr'>neus,</span> 
     </span>
     <span class='ocr_line' id='line_1_17' title="bbox 154 1919 1360 2021; baseline 0.004 -27"><span class='ocrx_word' id='word_1_130' title='bbox 154 1936 185 1995; x_wconf 86' lang='lat' dir='ltr'>et</span> <span class='ocrx_word' id='word_1_131' title='bbox 205 1925 306 1997; x_wconf 76' lang='lat' dir='ltr'>inulto</span> <span class='ocrx_word' id='word_1_132' title='bbox 328 1946 433 1995; x_wconf 79' lang='lat' dir='ltr'>return</span> <span class='ocrx_word' id='word_1_133' title='bbox 449 1925 507 2018; x_wconf 86' lang='lat' dir='ltr'>usu</span> <span class='ocrx_word' id='word_1_134' title='bbox 525 1929 704 2019; x_wconf 81' lang='lat' dir='ltr'>excellens,</span> <span class='ocrx_word' id='word_1_135' title='bbox 719 1923 782 2020; x_wconf 84' lang='lat' dir='ltr'>sed</span> <span class='ocrx_word' id='word_1_136' title='bbox 806 1924 966 2012; x_wconf 84' lang='lat' dir='ltr'>crudelis,</span> <span class='ocrx_word' id='word_1_137' title='bbox 991 1919 1201 2016; x_wconf 86' lang='lat' dir='ltr'>ambitiosus,</span> <span class='ocrx_word' id='word_1_138' title='bbox 1226 1921 1360 2021; x_wconf 80' lang='lat' dir='ltr'>seseque</span> 
     </span>
     <span class='ocr_line' id='line_1_18' title="bbox 154 2018 1363 2116; baseline 0.006 -27"><span class='ocrx_word' id='word_1_139' title='bbox 154 2023 317 2091; x_wconf 70' lang='lat' dir='ltr'>avaritiae</span> <span class='ocrx_word' id='word_1_140' title='bbox 332 2018 485 2111; x_wconf 76' lang='lat' dir='ltr'>sordibus</span> <span class='ocrx_word' id='word_1_141' title='bbox 495 2021 671 2114; x_wconf 73' lang='lat' dir='ltr'>foedarit,</span> <span class='ocrx_word' id='word_1_142' title='bbox 705 2037 742 2095; x_wconf 86' lang='lat' dir='ltr'>ut</span> <span class='ocrx_word' id='word_1_143' title='bbox 771 2018 911 2116; x_wconf 78' lang='lat' dir='ltr'>gentiles</span> <span class='ocrx_word' id='word_1_144' title='bbox 936 2021 1159 2112; x_wconf 82' lang='lat' dir='ltr'>locupletaret.</span> <span class='ocrx_word' id='word_1_145' title='bbox 1209 2019 1363 2096; x_wconf 73' lang='lat' dir='ltr'>Habitus</span> 
     </span>
     <span class='ocr_line' id='line_1_19' title="bbox 143 2112 1363 2212; baseline 0.004 -25"><span class='ocrx_word' id='word_1_146' title='bbox 143 2112 374 2190; x_wconf 74' lang='lat' dir='ltr'>mihilominus</span> <span class='ocrx_word' id='word_1_147' title='bbox 395 2113 456 2189; x_wconf 81' lang='lat' dir='ltr'>est</span> <span class='ocrx_word' id='word_1_148' title='bbox 479 2140 546 2212; x_wconf 93' lang='lat' dir='ltr'>pro</span> <span class='ocrx_word' id='word_1_149' title='bbox 579 2117 697 2192; x_wconf 78' lang='lat' dir='ltr'>santio</span> <span class='ocrx_word' id='word_1_150' title='bbox 727 2140 749 2191; x_wconf 92' lang='lat' dir='ltr'>a</span> <span class='ocrx_word' id='word_1_151' title='bbox 780 2112 974 2202; x_wconf 81' lang='lat' dir='ltr'>Romanis,</span> <span class='ocrx_word' id='word_1_152' title='bbox 1007 2132 1046 2187; x_wconf 90' lang='lat' dir='ltr'>et</span> <span class='ocrx_word' id='word_1_153' title='bbox 1081 2112 1258 2189; x_wconf 86' lang='lat' dir='ltr'>miraculis</span> <span class='ocrx_word' id='word_1_154' title='bbox 1295 2119 1363 2193; x_wconf 86' lang='lat' dir='ltr'>cla·</span> 
     </span>
     <span class='ocr_line' id='line_1_20' title="bbox 135 2206 1355 2306; baseline 0 -20"><span class='ocrx_word' id='word_1_155' title='bbox 135 2229 214 2286; x_wconf 70' lang='lat' dir='ltr'>lue</span> <span class='ocrx_word' id='word_1_156' title='bbox 265 2212 432 2283; x_wconf 89' lang='lat' dir='ltr'>Ceterum</span> <span class='ocrx_word' id='word_1_157' title='bbox 455 2210 608 2285; x_wconf 81' lang='lat' dir='ltr'>instituit</span> <span class='ocrx_word' id='word_1_158' title='bbox 631 2212 844 2306; x_wconf 82' lang='lat' dir='ltr'>Jubilaeum,</span> <span class='ocrx_word' id='word_1_159' title='bbox 869 2209 914 2283; x_wconf 88' lang='lat' dir='ltr'>de</span> <span class='ocrx_word' id='word_1_160' title='bbox 945 2231 1016 2305; x_wconf 87' lang='lat' dir='ltr'>quo</span> <span class='ocrx_word' id='word_1_161' title='bbox 1040 2206 1179 2304; x_wconf 89' lang='lat' dir='ltr'>postea,</span> <span class='ocrx_word' id='word_1_162' title='bbox 1215 2230 1252 2285; x_wconf 91' lang='lat' dir='ltr'>et</span> <span class='ocrx_word' id='word_1_163' title='bbox 1278 2214 1355 2287; x_wconf 85' lang='lat' dir='ltr'>sex·</span> 
     </span>
     <span class='ocr_line' id='line_1_21' title="bbox 142 2303 1359 2404; baseline 0.006 -28"><span class='ocrx_word' id='word_1_164' title='bbox 142 2320 221 2379; x_wconf 72' lang='lat' dir='ltr'>turn</span> <span class='ocrx_word' id='word_1_165' title='bbox 244 2304 473 2379; x_wconf 85' lang='lat' dir='ltr'>decretalium</span> <span class='ocrx_word' id='word_1_166' title='bbox 508 2307 654 2398; x_wconf 91' lang='lat' dir='ltr'>librum,</span> <span class='ocrx_word' id='word_1_167' title='bbox 694 2308 793 2404; x_wconf 78' lang='lat' dir='ltr'>cuiue</span> <span class='ocrx_word' id='word_1_168' title='bbox 825 2303 1012 2379; x_wconf 82' lang='lat' dir='ltr'>maximam</span> <span class='ocrx_word' id='word_1_169' title='bbox 1053 2303 1188 2377; x_wconf 86' lang='lat' dir='ltr'>faciunt</span> <span class='ocrx_word' id='word_1_170' title='bbox 1218 2325 1359 2400; x_wconf 87' lang='lat' dir='ltr'>partem</span> 
     </span>
     <span class='ocr_line' id='line_1_22' title="bbox 145 2398 1455 2497; baseline 0.008 -26"><span class='ocrx_word' id='word_1_171' title='bbox 145 2399 421 2476; x_wconf 70' lang='lat' dir='ltr'>constitutiones</span> <span class='ocrx_word' id='word_1_172' title='bbox 448 2402 720 2497; x_wconf 86' lang='lat' dir='ltr'>declaratoriae,</span> <span class='ocrx_word' id='word_1_173' title='bbox 746 2419 785 2478; x_wconf 90' lang='lat' dir='ltr'>et</span> <span class='ocrx_word' id='word_1_174' title='bbox 811 2399 1027 2492; x_wconf 87' lang='lat' dir='ltr'>sententiae,</span> <span class='ocrx_word' id='word_1_175' title='bbox 1061 2401 1103 2474; x_wconf 90' lang='lat' dir='ltr'>ab</span> <span class='ocrx_word' id='word_1_176' title='bbox 1126 2398 1205 2495; x_wconf 90' lang='lat' dir='ltr'>ipso</span> <span class='ocrx_word' id='word_1_177' title='bbox 1229 2401 1361 2496; x_wconf 78' lang='lat' dir='ltr'>factae,</span> <span class='ocrx_word' id='word_1_178' title='bbox 1447 2468 1455 2482; x_wconf 73' lang='lat'>,</span> 
     </span>
     <span class='ocr_line' id='line_1_23' title="bbox 141 2495 396 2592; baseline 0 -21"><span class='ocrx_word' id='word_1_179' title='bbox 141 2495 396 2592; x_wconf 61' lang='lat' dir='ltr'>promulgavit.</span> 
     </span>
     <span class='ocr_line' id='line_1_24' title="bbox 195 2588 1367 2693; baseline 0.003 -28"><span class='ocrx_word' id='word_1_180' title='bbox 195 2590 227 2692; x_wconf 55' lang='lat' dir='ltr'>b</span> <span class='ocrx_word' id='word_1_181' title='bbox 253 2591 378 2665; x_wconf 83' lang='lat' dir='ltr'><strong>CCIII.</strong></span> <span class='ocrx_word' id='word_1_182' title='bbox 403 2590 460 2666; x_wconf 86' lang='lat' dir='ltr'>Ex</span> <span class='ocrx_word' id='word_1_183' title='bbox 484 2591 630 2668; x_wconf 91' lang='lat' dir='ltr'>historia</span> <span class='ocrx_word' id='word_1_184' title='bbox 653 2596 842 2693; x_wconf 81' lang='lat' dir='ltr'>Peparum,</span> <span class='ocrx_word' id='word_1_185' title='bbox 867 2588 1064 2667; x_wconf 90' lang='lat' dir='ltr'>summatim</span> <span class='ocrx_word' id='word_1_186' title='bbox 1087 2589 1231 2682; x_wconf 84' lang='lat' dir='ltr'>tradita,</span> <span class='ocrx_word' id='word_1_187' title='bbox 1245 2648 1249 2656; x_wconf 91' lang='lat'>.</span> <span class='ocrx_word' id='word_1_188' title='bbox 1265 2594 1367 2670; x_wconf 80' lang='lat' dir='ltr'>clare·</span> 
     </span>
     <span class='ocr_line' id='line_1_25' title="bbox 141 2683 1359 2786; baseline 0.001 -23"><span class='ocrx_word' id='word_1_189' title='bbox 141 2683 331 2775; x_wconf 63' lang='lat' dir='ltr'>elucescit,</span> <span class='ocrx_word' id='word_1_190' title='bbox 359 2710 390 2760; x_wconf 90' lang='lat'>1.</span> <span class='ocrx_word' id='word_1_191' title='bbox 414 2688 522 2782; x_wconf 81' lang='lat' dir='ltr'>Papae</span> <span class='ocrx_word' id='word_1_192' title='bbox 545 2689 607 2762; x_wconf 77' lang='lat' dir='ltr'>sibi</span> <span class='ocrx_word' id='word_1_193' title='bbox 629 2689 820 2786; x_wconf 88' lang='lat' dir='ltr'>supremam</span> <span class='ocrx_word' id='word_1_194' title='bbox 839 2688 877 2764; x_wconf 92' lang='lat' dir='ltr'>in</span> <span class='ocrx_word' id='word_1_195' title='bbox 895 2683 1138 2782; x_wconf 85' lang='lat' dir='ltr'>temporalibue</span> <span class='ocrx_word' id='word_1_196' title='bbox 1155 2706 1192 2759; x_wconf 89' lang='lat' dir='ltr'>et</span> <span class='ocrx_word' id='word_1_197' title='bbox 1215 2686 1359 2784; x_wconf 87' lang='lat' dir='ltr'>spiritu·</span> 
     </span>
     <span class='ocr_line' id='line_1_26' title="bbox 123 2780 1357 2892; baseline 0.002 -33"><span class='ocrx_word' id='word_1_198' title='bbox 123 2785 274 2872; x_wconf 52' lang='lat' dir='ltr'>mribus,</span> <span class='ocrx_word' id='word_1_199' title='bbox 300 2799 338 2854; x_wconf 89' lang='lat' dir='ltr'>ut</span> <span class='ocrx_word' id='word_1_200' title='bbox 361 2782 567 2892; x_wconf 83' lang='lat' dir='ltr'>loquuntur,</span> <span class='ocrx_word' id='word_1_201' title='bbox 593 2784 770 2883; x_wconf 77' lang='lat' dir='ltr'>adrogalie</span> <span class='ocrx_word' id='word_1_202' title='bbox 824 2780 1028 2858; x_wconf 86' lang='lat' dir='ltr'>otestatem:</span> <span class='ocrx_word' id='word_1_203' title='bbox 1053 2780 1139 2854; x_wconf 91' lang='lat' dir='ltr'>licet</span> <span class='ocrx_word' id='word_1_204' title='bbox 1164 2781 1357 2882; x_wconf 82' lang='lat' dir='ltr'>Gregorint</span> 
     </span>
     <span class='ocr_line' id='line_1_27' title="bbox 138 2875 1355 2975; baseline -0.001 -18"><span class='ocrx_word' id='word_1_205' title='bbox 138 2876 212 2970; x_wconf 64' lang='lat' dir='ltr'>X,</span> <span class='ocrx_word' id='word_1_206' title='bbox 233 2880 269 2953; x_wconf 92' lang='lat' dir='ltr'>in</span> <span class='ocrx_word' id='word_1_207' title='bbox 286 2877 428 2952; x_wconf 83' lang='lat' dir='ltr'>concini</span> <span class='ocrx_word' id='word_1_208' title='bbox 447 2878 687 2975; x_wconf 84' lang='lat' dir='ltr'>Lugdunensis</span> <span class='ocrx_word' id='word_1_209' title='bbox 702 2881 776 2956; x_wconf 93' lang='lat' dir='ltr'>indi</span> <span class='ocrx_word' id='word_1_210' title='bbox 814 2881 913 2967; x_wconf 91' lang='lat' dir='ltr'>ione,</span> <span class='ocrx_word' id='word_1_211' title='bbox 933 2875 1047 2953; x_wconf 85' lang='lat' dir='ltr'>videri</span> <span class='ocrx_word' id='word_1_212' title='bbox 1092 2877 1168 2951; x_wconf 86' lang='lat' dir='ltr'>offit</span> <span class='ocrx_word' id='word_1_213' title='bbox 1187 2881 1355 2956; x_wconf 89' lang='lat' dir='ltr'>summam</span> 
     </span>
    </p>
   </div>
   <div class='ocr_carea' id='block_1_3' title="bbox 151 2969 1452 3158">
    <p class='ocr_par' dir='ltr' id='par_1_3' title="bbox 151 2969 1452 3158">
     <span class='ocr_line' id='line_1_28' title="bbox 151 2969 1452 3158; baseline -0.003 -106"><span class='ocrx_word' id='word_1_214' title='bbox 151 2973 291 3052; x_wconf 83' lang='lat' dir='ltr'>concilii</span> <span class='ocrx_word' id='word_1_215' title='bbox 301 2974 486 3158; x_wconf 57' lang='lat' dir='ltr'>generalis</span> <span class='ocrx_word' id='word_1_216' title='bbox 499 2975 724 3050; x_wconf 88' lang='lat' dir='ltr'>autoritatem</span> <span class='ocrx_word' id='word_1_217' title='bbox 742 2973 944 3074; x_wconf 84' lang='lat' dir='ltr'>agnoviffe,</span> <span class='ocrx_word' id='word_1_218' title='bbox 970 2969 1028 3045; x_wconf 87' lang='lat' dir='ltr'>ubi</span> <span class='ocrx_word' id='word_1_219' title='bbox 1075 2971 1161 3062; x_wconf 88' lang='lat' dir='ltr'>icit,</span> <span class='ocrx_word' id='word_1_220' title='bbox 1186 2974 1222 3047; x_wconf 91' lang='lat' dir='ltr'>se</span> <span class='ocrx_word' id='word_1_221' title='bbox 1240 2978 1283 3049; x_wconf 80' lang='lat' dir='ltr'>ad</span> <span class='ocrx_word' id='word_1_222' title='bbox 1298 2979 1355 3066; x_wconf 80' lang='lat' dir='ltr'>id,</span> <span class='ocrx_word' id='word_1_223' title='bbox 1448 3040 1452 3048; x_wconf 91' lang='lat'><em>.</em></span> 
     </span>
    </p>
   </div>
   <div class='ocr_carea' id='block_1_4' title="bbox 142 3066 1377 3935">
    <p class='ocr_par' dir='ltr' id='par_1_4' title="bbox 142 3066 1377 3912">
     <span class='ocr_line' id='line_1_29' title="bbox 142 3066 1362 3174; baseline -0.002 -26"><span class='ocrx_word' id='word_1_224' title='bbox 142 3073 190 3148; x_wconf 76' lang='lat' dir='ltr'>os</span> <span class='ocrx_word' id='word_1_225' title='bbox 203 3071 282 3169; x_wconf 80' lang='lat' dir='ltr'>qnod</span> <span class='ocrx_word' id='word_1_226' title='bbox 320 3092 349 3174; x_wconf 41' lang='lat' dir='ltr'>e·</span> <span class='ocrx_word' id='word_1_227' title='bbox 361 3091 422 3141; x_wconf 89' lang='lat' dir='ltr'>non</span> <span class='ocrx_word' id='word_1_228' title='bbox 428 3066 586 3166; x_wconf 86' lang='lat' dir='ltr'>sufficere</span> <span class='ocrx_word' id='word_1_229' title='bbox 596 3069 712 3162; x_wconf 88' lang='lat' dir='ltr'>sciat,</span> <span class='ocrx_word' id='word_1_230' title='bbox 738 3095 908 3146; x_wconf 80' lang='lat' dir='ltr'>convocate</span> <span class='ocrx_word' id='word_1_231' title='bbox 932 3067 1110 3146; x_wconf 83' lang='lat' dir='ltr'>concilium.</span> <span class='ocrx_word' id='word_1_232' title='bbox 1153 3068 1222 3142; x_wconf 85' lang='lat' dir='ltr'>Sed</span> <span class='ocrx_word' id='word_1_233' title='bbox 1248 3069 1362 3170; x_wconf 79' lang='lat' dir='ltr'>respi-</span> 
     </span>
     <span class='ocr_line' id='line_1_30' title="bbox 151 3162 1360 3251; baseline 0 -8"><span class='ocrx_word' id='word_1_234' title='bbox 151 3167 265 3244; x_wconf 79' lang='lat' dir='ltr'>cited</span> <span class='ocrx_word' id='word_1_235' title='bbox 291 3182 456 3238; x_wconf 84' lang='lat' dir='ltr'>aaronem</span> <span class='ocrx_word' id='word_1_236' title='bbox 482 3165 712 3240; x_wconf 81' lang='lat' dir='ltr'>Ecclefiarum</span> <span class='ocrx_word' id='word_1_237' title='bbox 733 3165 883 3241; x_wconf 90' lang='lat' dir='ltr'>Latinae</span> <span class='ocrx_word' id='word_1_238' title='bbox 905 3184 942 3238; x_wconf 90' lang='lat' dir='ltr'>et</span> <span class='ocrx_word' id='word_1_239' title='bbox 968 3162 1145 3251; x_wconf 89' lang='lat' dir='ltr'>Graecae,</span> <span class='ocrx_word' id='word_1_240' title='bbox 1178 3162 1249 3239; x_wconf 85' lang='lat' dir='ltr'>fine</span> <span class='ocrx_word' id='word_1_241' title='bbox 1275 3189 1360 3242; x_wconf 88' lang='lat' dir='ltr'>con·</span> 
     </span>
     <span class='ocr_line' id='line_1_31' title="bbox 154 3257 1361 3360; baseline -0.001 -20"><span class='ocrx_word' id='word_1_242' title='bbox 154 3263 234 3340; x_wconf 87' lang='lat' dir='ltr'>cilio</span> <span class='ocrx_word' id='word_1_243' title='bbox 263 3259 330 3334; x_wconf 87' lang='lat' dir='ltr'>vix</span> <span class='ocrx_word' id='word_1_244' title='bbox 364 3257 601 3350; x_wconf 87' lang='lat' dir='ltr'>efficiendam,</span> <span class='ocrx_word' id='word_1_245' title='bbox 647 3283 727 3337; x_wconf 91' lang='lat' dir='ltr'>cum</span> <span class='ocrx_word' id='word_1_246' title='bbox 763 3261 836 3360; x_wconf 89' lang='lat' dir='ltr'>ipsa</span> <span class='ocrx_word' id='word_1_247' title='bbox 867 3263 1035 3356; x_wconf 87' lang='lat' dir='ltr'>Paparum</span> <span class='ocrx_word' id='word_1_248' title='bbox 1066 3257 1234 3336; x_wconf 79' lang='lat' dir='ltr'>amonitae</span> <span class='ocrx_word' id='word_1_249' title='bbox 1266 3260 1361 3339; x_wconf 88' lang='lat' dir='ltr'>inter</span> 
     </span>
     <span class='ocr_line' id='line_1_32' title="bbox 148 3349 1362 3454; baseline 0 -17"><span class='ocrx_word' id='word_1_250' title='bbox 148 3349 377 3437; x_wconf 85' lang='lat' dir='ltr'>controversa</span> <span class='ocrx_word' id='word_1_251' title='bbox 408 3353 514 3431; x_wconf 87' lang='lat' dir='ltr'>fuerit</span> <span class='ocrx_word' id='word_1_252' title='bbox 548 3354 675 3454; x_wconf 85' lang='lat' dir='ltr'>capita.</span> <span class='ocrx_word' id='word_1_253' title='bbox 726 3358 914 3447; x_wconf 86' lang='lat' dir='ltr'>Ceterum,</span> <span class='ocrx_word' id='word_1_254' title='bbox 951 3376 1038 3452; x_wconf 85' lang='lat' dir='ltr'>quae</span> <span class='ocrx_word' id='word_1_255' title='bbox 1063 3352 1206 3454; x_wconf 80' lang='lat' dir='ltr'>fuerunt</span> <span class='ocrx_word' id='word_1_256' title='bbox 1229 3360 1362 3436; x_wconf 84' lang='lat' dir='ltr'>cenlrte</span> 
     </span>
     <span class='ocr_line' id='line_1_33' title="bbox 153 3448 1365 3554; baseline -0.001 -24"><span class='ocrx_word' id='word_1_257' title='bbox 153 3452 284 3554; x_wconf 82' lang='lat' dir='ltr'>Pepalie</span> <span class='ocrx_word' id='word_1_258' title='bbox 307 3450 463 3524; x_wconf 82' lang='lat' dir='ltr'>muneris</span> <span class='ocrx_word' id='word_1_259' title='bbox 495 3451 676 3549; x_wconf 84' lang='lat' dir='ltr'>specialia,</span> <span class='ocrx_word' id='word_1_260' title='bbox 707 3456 858 3553; x_wconf 86' lang='lat' dir='ltr'>egregie·</span> <span class='ocrx_word' id='word_1_261' title='bbox 882 3448 1049 3526; x_wconf 88' lang='lat' dir='ltr'>elucescit</span> <span class='ocrx_word' id='word_1_262' title='bbox 1079 3472 1126 3525; x_wconf 82' lang='lat' dir='ltr'>ex</span> <span class='ocrx_word' id='word_1_263' title='bbox 1161 3450 1365 3529; x_wconf 82' lang='lat' dir='ltr'>Caelestino</span> 
     </span>
     <span class='ocr_line' id='line_1_34' title="bbox 154 3547 1365 3645; baseline -0.002 -20"><span class='ocrx_word' id='word_1_264' title='bbox 154 3551 202 3626; x_wconf 89' lang='lat' dir='ltr'>V.</span> <span class='ocrx_word' id='word_1_265' title='bbox 224 3551 323 3645; x_wconf 79' lang='lat' dir='ltr'>Papa</span> <span class='ocrx_word' id='word_1_266' title='bbox 333 3549 370 3622; x_wconf 93' lang='lat' dir='ltr'>in</span> <span class='ocrx_word' id='word_1_267' title='bbox 387 3547 556 3644; x_wconf 85' lang='lat' dir='ltr'>opusculo</span> <span class='ocrx_word' id='word_1_268' title='bbox 575 3548 678 3624; x_wconf 90' lang='lat' dir='ltr'><strong>VIII.</strong></span> <span class='ocrx_word' id='word_1_269' title='bbox 703 3572 734 3624; x_wconf 92' lang='lat' dir='ltr'>c.</span> <span class='ocrx_word' id='word_1_270' title='bbox 758 3572 817 3644; x_wconf 87' lang='lat'>9.,</span> <span class='ocrx_word' id='word_1_271' title='bbox 844 3549 943 3644; x_wconf 81' lang='lat' dir='ltr'>cujus</span> <span class='ocrx_word' id='word_1_272' title='bbox 959 3549 1066 3621; x_wconf 81' lang='lat' dir='ltr'>verba</span> <span class='ocrx_word' id='word_1_273' title='bbox 1081 3565 1267 3643; x_wconf 86' lang='lat' dir='ltr'>propterea</span> <span class='ocrx_word' id='word_1_274' title='bbox 1283 3572 1365 3645; x_wconf 89' lang='lat' dir='ltr'>pro·</span> 
     </span>
     <span class='ocr_line' id='line_1_35' title="bbox 160 3641 1368 3744; baseline -0.002 -26"><span class='ocrx_word' id='word_1_275' title='bbox 160 3644 278 3718; x_wconf 80' lang='lat' dir='ltr'>setam</span> <span class='ocrx_word' id='word_1_276' title='bbox 328 3644 497 3738; x_wconf 70' lang='lat' dir='ltr'>specialia</span> <span class='ocrx_word' id='word_1_277' title='bbox 520 3643 654 3719; x_wconf 82' lang='lat' dir='ltr'>Domini</span> <span class='ocrx_word' id='word_1_278' title='bbox 668 3645 781 3742; x_wconf 80' lang='lat' dir='ltr'>Papae</span> <span class='ocrx_word' id='word_1_279' title='bbox 788 3643 871 3744; x_wconf 88' lang='lat' dir='ltr'>sunt</span> <span class='ocrx_word' id='word_1_280' title='bbox 891 3647 1031 3738; x_wconf 74' lang='lat' dir='ltr'>triginta</span> <span class='ocrx_word' id='word_1_281' title='bbox 1045 3659 1192 3737; x_wconf 82' lang='lat' dir='ltr'>quatuor.</span> <span class='ocrx_word' id='word_1_282' title='bbox 1247 3641 1368 3740; x_wconf 86' lang='lat' dir='ltr'>Trans·</span> 
     </span>
     <span class='ocr_line' id='line_1_36' title="bbox 164 3736 1377 3912; baseline -0.003 -97"><span class='ocrx_word' id='word_1_283' title='bbox 164 3740 238 3815; x_wconf 79' lang='lat' dir='ltr'>letio</span> <span class='ocrx_word' id='word_1_284' title='bbox 257 3736 429 3838; x_wconf 65' lang='lat' dir='ltr'>Ipseepi,</span> <span class='ocrx_word' id='word_1_285' title='bbox 454 3743 658 3818; x_wconf 73' lang='lat' dir='ltr'>rennncinio</span> <span class='ocrx_word' id='word_1_286' title='bbox 681 3743 843 3912; x_wconf 53' lang='lat' dir='ltr'>agnionis</span> <span class='ocrx_word' id='word_1_287' title='bbox 867 3739 1033 3842; x_wconf 79' lang='lat' dir='ltr'>ejusden,</span> <span class='ocrx_word' id='word_1_288' title='bbox 1064 3741 1213 3834; x_wconf 78' lang='lat' dir='ltr'>receptio</span> <span class='ocrx_word' id='word_1_289' title='bbox 1235 3737 1377 3832; x_wconf 66' lang='lat' dir='ltr'>Episcr,</span> 
     </span>
    </p>

    <p class='ocr_par' dir='ltr' id='par_1_5' title="bbox 745 3848 1374 3935">
     <span class='ocr_line' id='line_1_37' title="bbox 745 3848 1374 3935; baseline -0.017 -21"><span class='ocrx_word' id='word_1_290' title='bbox 745 3859 815 3935; x_wconf 80' lang='lat' dir='ltr'>ga</span> <span class='ocrx_word' id='word_1_291' title='bbox 1240 3848 1374 3929; x_wconf 63' lang='lat' dir='ltr'>porum,</span> 
     </span>
    </p>
   </div>
   <div class='ocr_carea' id='block_1_5' title="bbox 0 0 1516 4806">
    <p class='ocr_par' dir='ltr' id='par_1_6' title="bbox 0 0 1516 4806">
     <span class='ocr_line' id='line_1_38' title="bbox 0 0 1516 4806; baseline 0 0"><span class='ocrx_word' id='word_1_292' title='bbox 0 0 1516 4806; x_wconf 95' lang='lat' dir='ltr'> </span> 
     </span>
    </p>
   </div>
  </div>
 </body>
</html>
