2976 4830
82 543 156 627 ⁶7²
480 522 633 617 &llario
652 519 785 621 Ecclefi
810 522 939 626 Chili-

93 728 284 807 corruptae
305 722 502 802 euepernnt
527 705 698 800 seperare
744 707 857 782 Unde
871 724 999 781 ortum
1019 700 1076 782 est
1091 703 1270 805 multiplex
1280 701 1313 783 id

90 809 222 882 belium
239 804 434 899 tameat
451 802 681 896 Religionem
696 801 884 877 stabilitam
899 803 1172 879 defendendam
1183 825 1313 895 ,etpro

87 904 299 1013 pagandmt
344 896 500 971 Duravit
521 898 665 992 quidem
691 898 894 994 superstitio
916 917 958 972 et
976 902 1173 999 corruptio
1190 902 1243 973 sub
1256 902 1313 991 litt

86 1002 164 1094 rpla
190 996 366 1081 Periodo,
391 997 450 1064 led
473 994 707 1067 cuanclerem
723 996 801 1087 ciue
813 991 1044 1069 constituere
1062 996 1216 1094 nequit,
1235 995 1311 1092 quod

89 1093 259 1187 infignius
283 1092 358 1163 fuit
379 1087 529 1161 studium
555 1090 686 1163 Ecclts.
712 1092 903 1186 purgandi¹
928 1091 1031 1188 quod
1058 1093 1172 1189 lunge
1194 1096 1316 1186 lateque

93 1210 329 1289 propagatum
352 1183 427 1272 cll,
449 1206 533 1257 ante
554 1208 627 1257 non
645 1187 757 1259 visum
771 1210 814 1260 ea
830 1185 984 1260 ratione.
1037 1186 1222 1262 Duramnt
1238 1188 1317 1259 baec

95 1307 288 1359 conamina
315 1279 486 1376 usquead
509 1281 691 1376 synodum
706 1280 977 1369 Tridentium,
1008 1305 1104 1376 quae
1120 1284 1248 1381 partim
1261 1305 1314 1357 on

90 1385 336 1457 membrorum
352 1374 529 1448 Ecclesiae
546 1375 735 1473 Papisticae
750 1376 888 1467 claulit,
907 1376 1042 1473 partim
1060 1378 1315 1452 Protestantiunt

87 1475 354 1569 -fepnrntinnem
383 1472 474 1545 fecit
500 1473 714 1565 perfedlamt
740 1472 917 1571 adeoque,
942 1494 1028 1544 cum
1051 1473 1133 1569 sper
1156 1474 1316 1571 Eccleliat

91 1569 338 1649 reformandae
352 1566 562 1652 decolallet,
589 1575 634 1641 ab
652 1570 723 1640 boc
738 1592 850 1664 opere
864 1569 1038 1645 celsarum
1049 1569 1104 1643 est
1113 1593 1128 1657 ς
1144 1570 1193 1642 ite
1208 1590 1244 1642 nt
1258 1568 1316 1643 sin*

93 1669 202 1761 gulae
230 1661 405 1735 Ecclefiae
428 1664 612 1757 proprium
627 1667 723 1735 suum
739 1663 865 1747 statum
883 1665 1101 1753 defendere,
1126 1686 1166 1738 et
1181 1687 1236 1739 ret
1249 1656 1314 1737 suri

94 1784 225 1857 agere,
245 1778 439 1830 contentae
463 1757 617 1845 fuerint3
641 1757 863 1833 menifestum
881 1783 970 1857 ergo
986 1757 1062 1850 est,
1088 1758 1161 1836 hoc
1174 1758 1313 1834 studium

99 1859 198 1936 recte
225 1854 328 1926 llatui
354 1856 438 1924 huic
461 1854 612 1924 Petiodo
635 1854 828 1949 proprium.

148 1954 177 2049 ς.
207 1949 413 2025 Dcxxlt'.
470 1949 507 2022 B.
532 1950 731 2022 Continuus
755 1949 824 2025 fuit
841 1968 1037 2046 pertotum
1056 1950 1311 2027 Periodumco·

95 2071 221 2223 fatus,
255 2067 497 2151 necunquam
526 2043 693 2134 cellarit3
725 2046 811 2120 licet
839 2048 975 2143 majore
1000 2046 1194 2137 minoreve
1216 2047 1314 2145 gradu

114 2160 351 2220 emmm
1299 2170 1302 2175 ·

475 2236 514 2309 C.
538 2235 603 2309 Nil
628 2237 738 2330 magis
761 2237 798 2310 in
824 2236 981 2314 Ecclesia
1005 2236 1236 2334 conspicuum
1255 2232 1314 2308 fnit

99 2361 143 2414 ac
169 2332 358 2426 fingulere,
384 2329 433 2401 nil
460 2333 553 2426 quod
578 2333 615 2405 in
639 2334 798 2407 omniurn
823 2335 945 2406 oculos
969 2338 1087 2430 magio
1115 2333 1270 2407 incurrit

467 2428 514 2498 D.
541 2430 715 2519 Accedit,
741 2431 836 2504 inter
868 2450 1057 2526 utrumque
1085 2429 1312 2502 charatleren

97 2523 359 2608 dominantem,
384 2537 437 2626 et⁹
448 2541 610 2593 externae
631 2526 804 2599 Eccleliae
821 2522 947 2612 faciei,
966 2546 1004 2596 et
1020 2522 1130 2598 status
1150 2524 1308 2611 Moralis,

127 2646 207 2696 uem
232 2621 331 2714 supra
345 2619 567 2710 conlignavi,
593 2620 665 2694 elle
679 2620 900 2693 aretinorum
921 2642 1075 2708 nerum,
1101 2621 1162 2718 qui
1177 2623 1309 2694 alterum

100 2651 174 2795 iine
198 2717 310 2789 altero
334 2712 404 2786 elle
431 2734 502 2784 non
526 2710 617 2787 sinit.
666 2717 797 2790 Bellum
815 2713 909 2786 enim
927 2715 1053 2809 Papale
1073 2739 1121 2788 eo
1138 2716 1309 2802 tendebat,

101 2836 142 2890 ut
165 2812 249 2885 hnic
263 2808 378 2881 lludio
392 2810 480 2879 oben
498 2830 707 2900 poneretur,
734 2828 773 2882 et
790 2809 893 2882 status
907 2808 1090 2883 Ecclesiae
1107 2807 1310 2906 superstitio·

100 2911 155 2985 iae
179 2929 217 2978 et
242 2921 428 2995 corruptae
449 2922 572 2994 aperta
600 2907 646 2977 vi·
662 2905 935 2992 defenderetur,
965 2923 1004 2976 et
1028 2907 1311 2980 confirmaretur:

102 3006 193 3080 adeo
219 3021 257 3071 ut
282 2998 437 3090 superior
464 2998 644 3070 charetler
674 3001 874 3086 dominans,
900 2999 938 3072 in
963 2999 1057 3073 bello
1080 3000 1198 3099 Populi
1220 2999 1312 3090 litus,

102 3102 200 3175 hunc
224 3117 289 3186 pro
316 3093 504 3184 hypothesi
529 3095 673 3182 babeat,
698 3116 734 3167 et
750 3098 796 3168 de
811 3118 857 3167 eo
872 3092 1031 3171 testetur.

155 3192 186 3290 b.
213 3189 399 3263 Dcxxv.
456 3190 666 3286 subjungam
705 3192 776 3284 jam
809 3191 994 3264 nonnullos
1026 3190 1125 3265 casus
1156 3192 1311 3264 Politicir.

103 3292 271 3367 Eminent
301 3288 498 3371 intereos,
527 3310 597 3358 rnio
624 3286 791 3359 terribiles
814 3283 1094 3361 Christianorum
1116 3286 1311 3373 ditifionet,

98 3389 370 3467 contentiones.
393 3398 430 3452 et
455 3403 592 3474 pugnae
615 3379 732 3454 secum
755 3382 930 3455 invicem:
954 3400 993 3454 ut
1007 3385 1100 3455 inter
1115 3378 1312 3457 Pontificiae

103 3482 239 3567 seftae,
263 3503 303 3555 en
319 3481 573 3567 Imperatorum
587 3497 628 3549 ae
647 3477 843 3572 Principum
861 3474 990 3572 partis,
1007 3476 1194 3568 hominen,
1212 3476 1312 3550 Guel-

104 3583 163 3658 fos
190 3600 228 3651 et
253 3574 472 3658 Gibellinus;
497 3574 554 3667 qui
570 3572 771 3646 horribilem
787 3571 1030 3645 confusionem
1046 3573 1084 3647 in
1100 3573 1197 3647 Orbe
1210 3574 1308 3646 Rom

105 3679 362 3776 produxerunt,
388 3688 427 3740 et
440 3688 502 3761 per
520 3667 633 3739 omnia
650 3667 723 3741 lete
740 3668 841 3761 hujus
855 3666 997 3740 Periodi
1014 3666 1130 3744 secula
1142 3670 1301 3741 durarunt.

108 3779 167 3848 uda
189 3771 307 3866 Regni
324 3765 523 3837 'furcarum
541 3783 655 3843 ortus,
673 3784 711 3834 er
728 3789 791 3857 per
808 3782 920 3836 totum
940 3762 1134 3838 Orientem
1152 3780 1309 3867 propaga·

104 3873 169 3943 tio.
196 3873 266 3947 trio
289 3860 543 3957 Expeditiones
567 3858 828 3939 Cruciatorutn,
856 3882 966 3955 qnae,
997 3858 1085 3934 sicut
1101 3860 1142 3933 ad
1155 3853 1313 3950 Religio·

102 3948 208 4057 uem,
230 3968 281 4041 ita
297 3980 336 4037 et
349 3952 960 4067 Pulmonspeuuuutpiitutem
983 3971 1045 4047 eto
1063 3954 1187 4062 Regni
1202 3944 1316 4023 eurise

20 4104 176 4400 Ὗ
594 4106 613 4139 ,·
647 4120 660 4141 ,
683 4102 694 4137 ι
717 4070 763 4133 ,⁸
847 4092 853 4101 ·
1158 4062 1323 4126 {tanetum
