3022 4806
593 603 699 683 Serus.
723 605 761 682 X
764 606 812 685 ss.
1084 571 1087 575 ’
1241 621 1311 715 163

91 788 260 876 debatur,
294 780 402 858 fuerit
423 782 533 880 gypso
557 803 741 880 corrupta:
773 784 864 860 unde
888 783 988 861 multi
1017 788 1170 882 mortui,
1206 794 1308 871 multi

90 881 259 962 infirmati
281 883 377 956 sunt:
423 880 521 954 dedit
559 879 714 979 denique
749 881 830 956 viae
856 884 980 972 duces,
1027 886 1086 981 qui
1112 889 1308 968 exercitum

92 988 132 1059 in
159 985 234 1057 loca
257 975 386 1052 sterilia
413 996 450 1051 et
476 975 572 1051 arida
599 976 795 1070 duxeruut,
829 978 889 1053 ubi
912 976 1069 1054 omnium
1093 1005 1208 1057 rerum
1232 1005 1308 1063 erat

90 1082 256 1178 penuria,
284 1072 422 1147 inerunt
448 1073 565 1163 enim,
592 1095 719 1170 magno
743 1073 804 1148 suo
819 1075 930 1166 malo,
956 1097 1020 1170 per
1044 1076 1146 1152 Asiae
1170 1081 1307 1175 septen·

91 1177 262 1258 trionalia.
311 1168 392 1268 Quo
418 1168 530 1258 fabio,
564 1168 645 1265 fuga
665 1170 800 1264 dilapsis
821 1169 899 1245 viae
915 1170 1078 1262 ducibus,
1113 1176 1309 1270 exercitur,

89 1281 206 1353 famae
231 1272 304 1344 fere
328 1265 487 1354 euectus,
510 1265 633 1339 incidat
658 1265 696 1339 in
723 1290 844 1340 manus
863 1267 1018 1356 Sultani,
1051 1271 1155 1345 itaut
1178 1293 1223 1346 ne
1246 1273 1308 1346 de·

89 1375 186 1450 cima
217 1365 359 1464 quidem
394 1386 472 1457 pars
509 1383 589 1435 cum
622 1362 829 1456 lnperatore
868 1361 1036 1454 evaserit,
1077 1366 1152 1441 aliis
1187 1366 1304 1459 fame,

87 1471 165 1544 aliis
184 1465 300 1549 ferro,
318 1457 458 1545 occifis,
483 1457 560 1531 aliis
576 1457 738 1531 servituti
753 1454 911 1531 additus.
959 1457 1040 1556 Quo
1063 1464 1247 1538 miserabili
1265 1465 1306 1541 in

89 1566 183 1640 statu
202 1563 405 1653 luperator,
422 1552 591 1627 Nicaeam
607 1554 736 1644 redux,
753 1554 824 1627 sese
840 1552 982 1649 quidem
1002 1555 1190 1634 Galliarum
1207 1560 1302 1656 Regi

87 1655 268 1756 adjunxit,
295 1648 352 1724 sed
384 1667 422 1722 et
447 1673 530 1723 mox
557 1646 628 1721 sese
660 1649 770 1722 abeo
803 1648 992 1744 separavit,
1024 1672 1060 1725 et
1091 1677 1170 1729 curn
1196 1679 1303 1753 parva

88 1777 196 1830 manu
218 1747 349 1822 residua
372 1747 515 1819 navibus
534 1741 714 1837 profectus
738 1740 788 1817 est
810 1748 849 1818 in
871 1746 1015 1840 Syriam.

141 1849 172 1947 ᾗ.
199 1844 323 1921 CXLI.
348 1841 570 1929 Ludov'rcus,
604 1839 789 1914 Galliarum
814 1841 915 1931 Rex,
947 1840 1165 1918 felicioribus
1189 1846 1303 1942 auspi·

83 1948 176 2037 ciis,
201 1963 237 2014 et
261 1939 332 2012 fine
358 1939 422 2010 ulla
444 1935 598 2031 jactura,
623 1958 689 2031 per
714 1933 908 2026 Austriam‚
943 1939 1180 2034 Hungariam‚
1218 1943 1300 2017 Eul-

85 2044 242 2142 gariam,
265 2051 303 2107 et
327 2033 537 2120 Thraciam,
568 2031 671 2105 venit
698 2031 736 2109 in
759 2031 887 2106 Afiam.
929 2030 1032 2125 CPoli
1054 2057 1193 2132 quoque
1219 2041 1301 2113 cum

83 2143 231 2235 ingente
257 2129 440 2224 adplausu,
472 2125 655 2223 multisque
686 2125 859 2200 amicitiae
883 2125 1010 2219 signis,
1051 2153 1214 2226 receptus
1246 2131 1298 2208 est

87 2239 136 2312 ab
161 2236 381 2328 inperatore,
420 2224 477 2297 sed
500 2245 589 2321 quae
624 2224 663 2294 in
687 2220 950 2315 prudentiorum
975 2225 1094 2297 oculos
1116 2226 1299 2334 perfidiam

87 2333 181 2408 adeo
221 2322 454 2420 ingerebant,
502 2339 540 2392 ut
578 2313 701 2414 aliquis
741 2315 998 2413 Episcoporum
1036 2318 1129 2417 Regr
1163 2323 1303 2399 suaserit

86 2421 221 2503 CPolin
246 2438 442 2513 occupare,
467 2432 504 2487 et
527 2412 587 2488 fibi
610 2411 798 2507 subjicere,
824 2433 933 2508 eaque
954 2412 1092 2489 ratione
1117 2419 1299 2495 Cruciatur

85 2549 107 2600 a
134 2521 351 2598 Graecorum
383 2509 528 2606 perfidia
553 2506 699 2582 reddere
726 2507 877 2582 securos.
928 2508 1011 2609 Quo
1033 2512 1177 2589 consilio
1199 2515 1295 2610 spre-

84 2641 146 2706 to,
171 2634 212 2688 ut
236 2631 360 2684 votum
378 2623 497 2680 contra
512 2605 673 2676 infideles
689 2601 901 2698 inpleretur,
926 2604 1006 2678 Rex
1025 2628 1094 2680 non
1111 2631 1176 2702 per
1193 2610 1296 2687 Aliae

85 2704 392 2808 septentrionalia,
433 2700 489 2775 sed
518 2701 610 2773 inter
643 2697 830 2795 Phrygiam
861 2719 898 2774 et
933 2722 1050 2790 mare,
1093 2704 1180 2779 srcut
1211 2708 1296 2782 olim

86 2805 241 2888 instituit
264 2796 462 2874 Alexander
486 2797 566 2883 M.,
589 2793 657 2868 iter
679 2797 901 2890 persecutus,
933 2818 1013 2871 cum
1034 2797 1208 2889 Ephesum
1236 2826 1298 2874 ve·
1423 2805 1434 2812 '

86 2906 212 2993 niffet,
238 2918 299 2974 ora
320 2893 493 2968 maritima
509 2889 647 2975 relieta,
673 2909 785 2964 ortum
810 2889 927 2966 versut
949 2890 1087 2982 movit,
1113 2914 1169 2985 et,
1192 2898 1297 2971 Mae-

87 3003 219 3089 andro,
261 3013 380 3068 coram
413 2988 524 3062 oculis
541 2984 723 3077 hostium,
758 2985 909 3060 feliciter
934 2985 1102 3081 trajecto,
1140 2989 1314 3068 hostibus.-

88 3117 229 3197 quoque
252 3086 335 3165 fufis
357 3085 411 3159 vel
438 3082 584 3181 sugatis,
608 3080 726 3156 versus
743 3080 962 3178 Pamphilam
986 3081 1111 3174 flexit,
1136 3109 1182 3162 ne
1197 3111 1298 3163 com·

85 3213 221 3270 meatus
244 3184 430 3270 deiiceret,
463 3173 702 3274 exercitusque
732 3178 904 3254 laboraret
943 3178 1100 3274 penuria.
1148 3183 1231 3283 Quo
1257 3185 1304 3263 in.

82 3290 209 3366 itinere
225 3304 309 3357 cunr
328 3277 429 3352 mont
457 3274 543 3350 esset
566 3273 790 3370 superandus,
823 3273 922 3362 Rex,
955 3274 1128 3385 prudente
1151 3279 1294 3374 quidem

86 3382 257 3466 consilio,
288 3370 445 3448 exercitu
474 3372 512 3446 in
536 3369 606 3444 duo
629 3371 769 3465 agmina
793 3369 929 3459 diviso,
957 3369 1119 3464 jusserat,
1151 3394 1189 3449 ut
1213 3378 1307 3452 alte-»1

85 3504 165 3556 rum
187 3472 265 3573 post
290 3473 434 3545 alterum
461 3489 540 3542 eunt
566 3465 835 3555 conscenderet,
858 3483 895 3538 et
922 3463 1031 3539 castra
1052 3467 1090 3542 in
1114 3491 1160 3543 eo
1185 3494 1296 3567 pone.

85 3595 228 3658 rentum
252 3569 310 3645 sed
337 3566 432 3662 prius
459 3582 602 3660 agmen,
634 3577 756 3652 monte
779 3557 987 3651 conscenso,
1021 3561 1103 3636 inde
1125 3587 1210 3642 mor
1234 3571 1297 3645 de·

85 3668 248 3756 scendit,
281 3663 359 3761 quia
383 3663 529 3736 multum
562 3655 635 3729 diei
678 3656 878 3753 supererat,
917 3674 954 3728 et
987 3659 1109 3736 vallem
1140 3662 1296 3743 fertilem

83 3762 292 3849 inveniendi
322 3762 398 3853 sper
422 3782 441 3830 a
465 3756 543 3828 viae
567 3749 716 3863 ducibus
738 3771 812 3825 erat
837 3749 949 3828 faeta:
981 3755 1074 3852 quod
1100 3755 1201 3832 fatale
1223 3761 1295 3837 fuit

82 3859 272 3941 exercitui.
322 3853 492 3928 Posterius
521 3870 614 3922 erum
644 3868 769 3942 agmen
805 3848 843 3922 in
877 3847 953 3944 ipso
976 3852 1162 3929 conscensu
1194 3880 1294 3932 mon·

83 3964 135 4037 tis
162 3960 205 4031 ab
239 3951 414 4042 hostibus,
448 3946 508 4044 qui
539 3944 582 4017 de
611 3943 775 4019 omnibus
798 3945 967 4020 certiores
999 3968 1098 4022 erant
1122 3949 1227 4040 faeti,
1257 3968 1305 4024 et:

84 4053 222 4135 montis
242 4051 412 4131 verticem
435 4058 713 4214 occupaveranltf
746 4039 923 4133 intusum,
954 4060 992 4118 et
1023 4061 1138 4122 totum
1159 4045 1296 4139 diffipa·

726 4154 746 4211 2
1228 4156 1302 4218 tunt

1288 4370 1428 4524 ,Ι
