3022 4806
123 645 177 741 '53
530 635 684 724 Historia·
698 633 971 735 Eccbfi‘Cltrifi.
1070 626 1073 631 ’
1161 603 1164 607 ’

135 808 306 901 hienrici,
340 809 397 907 jur
427 812 533 908 regni
565 825 758 908 petentes,
788 833 896 909 eaque
928 813 1064 888 ratione
1098 812 1356 909 subjedliouem

73 919 78 928 '
141 909 212 984 sedi
240 910 419 985 Romanae
445 908 669 997 exhibentes,
694 907 948 998 interfuerunt,
974 928 1011 981 ut
1035 908 1143 982 refert
1167 911 1356 989 Domuitu

139 1007 177 1084 in
209 1009 278 1077 rita
310 1003 512 1092 Matlildit,
550 1001 694 1079 condito
726 1021 851 1082 contra
882 1002 1102 1080 investituras
1124 1002 1251 1096 laicaa,
1282 1030 1358 1103 qun

140 1099 348 1174 omnimodo
409 1099 637 1194 probibentur
692 1095 754 1173 luo
804 1099 1181 1175 encourmunicationia
1216 1121 1357 1195 vpoena:

72 1242 74 1245 -
121 1195 234 1288 ¹Papa
253 1191 334 1266 riter
366 1194 403 1265 in
438 1191 683 1283 Germaniam,
723 1211 761 1266 ut
796 1191 971 1271 Ecclefiae
997 1191 1122 1267 statum
1154 1194 1356 1291 ordinater,

140 1288 393 1376 meditabatur,
418 1287 495 1376 sed,
521 1286 721 1376 intellecto,
747 1285 931 1365 Germanic
952 1286 1035 1362 illud
1056 1288 1234 1363 decretum
1253 1295 1357 1368 valde

139 1384 343 1479 displicere,
385 1380 454 1454 iter
488 1380 527 1457 in
561 1383 711 1471 Gallias,
752 1382 794 1455 ad
826 1379 1024 1477 Philippum
1055 1403 1093 1455 et
1125 1384 1359 1467 Ludovicum

142 1481 281 1571 Reges,
309 1473 370 1549 srbi
386 1475 565 1567 faventes,
589 1475 758 1565 deflexit,
783 1495 823 1550 ut
840 1499 961 1548 eorum
980 1500 1086 1572 opem
1109 1498 1232 1552 contra
1249 1482 1355 1559 Heu·

141 1576 254 1646 ricum
280 1569 477 1668 inploraret.
530 1569 634 1661 vid,
669 1588 809 1666 praeter
832 1569 1008 1645 Abbatem
1035 1571 1245 1670 Utspergen.
1288 1579 1356 1652 Su·

142 1666 258 1764 getius
282 1663 318 1736 in
344 1670 416 1740 rita
440 1662 740 1762 LaduviciGroffl.
791 1665 963 1739 Habitum
989 1684 1074 1739 tunc
1097 1664 1148 1740 est
1182 1691 1214 1743 a.
1243 1692 1353 1767 1107.

143 1761 354 1856 colloquium
377 1758 619 1835 Catalaunense
642 1783 724 1836 cum
756 1759 901 1855 legatia
925 1759 1096 1867 Hetrrici,
1128 1783 1201 1869 quo
1224 1763 1360 1861 Legati,

138 1858 195 1955 jur
215 1858 317 1951 regni
349 1854 603 1945 defenderunt,
645 1854 836 1930 secundum
868 1854 961 1950 quod
986 1877 1023 1928 m
1053 1878 1148 1929 urunt
1177 1857 1355 1937 elamore

140 1951 334 2048 requiratur
363 1949 521 2025 adsensun
556 1949 789 2045 inperatoria,
828 1967 866 2022 et
896 1967 936 2022 ut
969 1948 1097 2024 elcblua
1119 1954 1270 2045 annulo,
1312 1979 1357 2039 er

142 2046 262 2142 virga,
293 2047 335 2119 ab
352 2069 398 2119 eo
424 2042 650 2134 investiatur,
674 2044 725 2119 ita
746 2042 849 2118 fuille
872 2041 1086 2136 antiquitus,
1119 2046 1155 2118 id
1179 2047 1355 2141 postulare

142 2144 199 2240 jus
227 2139 373 2214 feudale.
423 2142 510 2214 Cum
541 2157 659 2214 autem
684 2142 796 2234 Papa,
835 2139 1016 2212 Erulorum
1051 2140 1168 2234 Christi
1187 2141 1359 2239 sanguine

144 2239 340 2326 redemtum,
364 2252 396 2311 et
422 2239 557 2310 liberum
580 2235 804 2329 constitutam,
827 2252 972 2327 negaret
995 2234 1032 2306 in
1056 2233 1261 2311 servitutem
1283 2244 1360 2327 elle

142 2333 385 2423 redigendam,
418 2330 541 2425 Legati
572 2330 807 2424 regefferunt,
846 2328 1005 2419 querelam
1028 2328 1119 2401 illum
1142 2328 1202 2425 ff
1225 2333 1355 2412 Romae

144 2426 257 2520 gladio
280 2425 513 2511 dirimendam
538 2420 625 2494 teste
642 2422 766 2495 eodem
788 2419 947 2516 Sugerio.
1001 2422 1100 2520 Quae
1116 2428 1239 2501 eodem
1257 2454 1351 2509 annu

144 2527 181 2595 in
205 2517 359 2591 concilio
386 2512 553 2590 Trecensr
582 2513 866 2604 suutreuuvata,
890 2515 926 2590 iu
949 2538 1018 2613 quo
1041 2519 1132 2613 Papa
1148 2541 1227 2595 cum
1254 2528 1354 2604 Corra

143 2615 229 2690 cilio
263 2609 444 2709 prohibuit
476 2608 723 2699 investituras,
767 2611 893 2704 Legati
921 2634 1009 2685 veru
1043 2617 1353 2718 contradixerunt,

78 2717 81 2722 ’
144 2727 279 2784 tanturn
302 2706 475 2795 inducias,
514 2704 619 2800 usque
651 2706 691 2777 ad
710 2705 880 2872 generale
911 2704 1100 2780 concilium
1131 2710 1267 2787 Romae
1291 2717 1355 2794 ha.

143 2803 317 2890 bendum,
359 2799 607 2876 concedentes.
657 2801 707 2873 Vr
734 2853 743 2874 .
768 2802 885 2874 Abbar
907 2800 1158 2895 Urspergensrs.
1209 2809 1356 2892 Interea

143 2905 256 2995 Papa,
299 2899 452 2971 Romam
487 2896 652 2983 tendens,
695 2894 787 2966 idem
821 2914 942 2969 contra
972 2896 1200 2973 luvestituras
1229 2903 1360 2988 Laicaq

141 2998 322 3070 decretum
345 2991 569 3065 confirmavit
593 2989 630 3062 in
654 2989 798 3084 synodo
821 2992 1067 3065 Beneventana
1090 3014 1120 3065 a.
1150 3005 1279 3093 1108„
1311 3023 1357 3079 ut

144 3093 265 3166 Petrus
292 3085 473 3160 Diaconos
503 3085 541 3159 iu
566 3085 740 3160 Chronico
774 3083 965 3157 Callruertse
995 3086 1016 3158 Ι.
1042 3087 1109 3160 lV.
1134 3109 1165 3160 c.
1193 3111 1252 3183 35.
1281 3115 1352 3174 tra.

48 3266 51 3271 ,
145 3187 220 3274 dit,
245 3203 284 3255 et
307 3182 465 3255 Romana
488 3202 517 3255 a.
534 3203 659 3266 1110.,
683 3176 770 3251 teste
794 3179 1032 3254 chronicus.
1060 3180 1147 3255 Vivi
1168 3185 1354 3268 Senouen'·

143 3281 197 3355 srs.
254 3276 335 3378 Quo
370 3299 485 3350 rerum
520 3274 609 3349 statu
643 3273 820 3347 Henricur
858 3295 939 3346 cum
970 3277 1151 3348 numeroso
1190 3292 1353 3365 exercitu

141 3379 293 3452 Romam
319 3369 484 3459 tendens,
509 3388 547 3444 ut
568 3367 780 3442 decellorum
804 3367 941 3441 suorum
968 3369 1177 3464 dignitates,
1202 3398 1239 3448 et
1251 3381 1360 3474 jura,

72 3468 76 3476 ’
143 3472 240 3546 srmul
265 3465 393 3565 Inperii
422 3486 605 3550 coronam,
646 3483 775 3537 armata
801 3484 903 3537 manu
935 3464 1136 3558 postularet,
1176 3477 1359 3563 praemifit,

141 3564 288 3642 nuncios
310 3563 354 3636 de
378 3582 465 3656 pace
492 3560 713 3650 tractaturos,
755 3556 956 3656 quibuscum
989 3561 1079 3654 Papa
1111 3584 1174 3655 per
1196 3567 1361 3665 Legatos.

143 3663 238 3759 egit,
277 3677 315 3731 ut
351 3658 436 3732 itam
470 3657 683 3750 Inperatoris
713 3668 974 3748 praeverteret,
1013 3657 1188 3730 Convenit
1212 3685 1359 3765 quoque

141 3759 236 3834 inter
259 3775 339 3843 eos,
380 3770 417 3825 ut
440 3753 625 3842 inperator
647 3751 734 3822 male
767 3748 965 3840 usurpatum
994 3750 1049 3843 jus
1074 3751 1352 3838 Ecclefiasticum

141 3851 360 3936 dimitterer,
401 3842 618 3943 polleffiones
649 3840 822 3917 Ecclesrae
855 3841 1069 3937 relinqueret
1099 3846 1277 3945 intablas,
1311 3876 1351 3932 et

139 3943 352 4031 investituris
377 3941 616 4026 renunciaret,
641 3941 732 4032 Papa
757 3959 843 4008 vero
875 3940 1002 4032 regalia
1024 3942 1219 4020 dimitteret
1245 3952 1351 4047 Inpe-

137 4044 267 4140 tatori‚
292 4040 515 4137 faceretque,
542 4054 581 4112 ut
600 4055 668 4141 nec
684 4032 781 4132 lpse,
799 4051 866 4107 nec
882 4032 1073 4131 Episcopi,
1090 4039 1161 4117 sese
1176 4048 1278 4143 regni
1294 4047 1352 4142 ju·

1106 4146 1108 4150 ’
1251 4141 1351 4222 tibur
