3022 4806
122 582 205 669 434·
508 534 950 653 orarationem.

129 746 251 823 elerico
285 738 350 815 lll.
381 760 400 812 a
432 732 569 809 secreti·
605 728 717 806 fastui
745 732 895 805 Roman
925 728 972 805 ad
995 727 1192 807 Nicolaum
1215 732 1273 811 est
1294 736 1349 809 ὦ·

131 846 283 939 legatur,
309 859 388 909 cum
412 830 488 923 ipso
512 828 557 898 de
579 827 814 901 coronatione
836 828 1060 923 inperatoria
1080 829 1247 919 tauma,
1271 830 1351 905 dein

134 947 177 1015 ab
210 936 335 1007 eodem
365 932 405 1001 ad
429 925 602 1000 calixtum
629 922 765 1011 milior,
799 924 850 995 ibr
874 942 1058 1009 retentus,
1084 946 1122 997 et
1149 926 1360 1022 purpuraria

135 1034 187 1109 ell
220 1028 423 1119 adscriptus,
453 1042 495 1092 ac
519 1020 602 1089 dein
628 1018 719 1113 Papa
742 1039 888 1091 creatur.
939 1014 1119 1093 Praestitit
1151 1020 1230 1095 l'ele
1263 1020 1350 1095 naal

135 1152 210 1203 nno
234 1124 377 1196 nomine
401 1117 596 1199 celebrem,
627 1118 735 1185 etiarn
757 1112 938 1185 samolum.
974 1112 1098 1185 Statim
1122 1138 1170 1188 ac
1192 1118 1286 1211 Papa
1301 1116 1349 1189 es·

136 1226 188 1299 set
225 1218 333 1291 sacius
372 1210 574 1281 retrac'lavrt
605 1206 681 1281 aeta
708 1227 746 1280 et
781 1209 909 1303 scripta
944 1206 983 1279 in
1015 1206 1182 1281 savorem
1211 1206 1348 1285 conolii

139 1310 332 1391 Basileenlis
364 1323 486 1378 contra
513 1301 733 1399 Eugenium,
767 1306 865 1399 eujus
889 1304 1149 1377 retractationis
1179 1304 1348 1402 diploma,

138 1438 168 1489 a.
199 1412 300 1499 ¹4⁶3·
324 1401 464 1487 datum,
488 1397 599 1472 exstat
623 1398 717 1492 apud
735 1399 873 1471 Baronii
890 1416 1173 1475 contrnuatores.
1223 1402 1347 1497 Adpel·

138 1504 287 1581 latione·
318 1498 361 1569 ad
391 1494 581 1569 concillum
617 1491 737 1565 severe
768 1494 970 1588 prohibuit3
1003 1516 1090 1589 quaa
1114 1497 1231 1569 etiarn
1255 1518 1347 1569 erro·

142 1618 226 1675 neat
247 1612 284 1665 et
308 1590 528 1667 detestabiles
552 1609 681 1675 vocat,
706 1606 742 1661 et
766 1592 974 1682 adpellantea
996 1592 1153 1662 declarat
1177 1616 1259 1663 reor
1280 1612 1348 1663 tua·

139 1690 295 1791 jestatit,
311 1707 350 1759 et
380 1686 574 1759 haereticae
591 1684 795 1775 praenatis,
822 1683 941 1756 iisdem
958 1683 1062 1755 etiam
1089 1686 1222 1779 poenit
1243 1688 1347 1759 obno-

145 1788 234 1865 xior.
289 1777 451 1877 Superest
496 1779 648 1873 diploma
683 1779 719 1849 in
752 1780 987 1852 commentariis
1021 1778 1199 1855 Gobelini
1231 1782 1254 1855 l.
1287 1780 1346 1853 lll.

144 1875 379 1979 Pragmaticae
403 1870 584 1948 Sanciioni
610 1874 710 1966 regni
730 1876 860 1948 Galliae
882 1875 1010 1946 bellum
1029 1876 1188 1960 indixit,
1216 1876 1347 1970 ejusque

146 1976 373 2057 abolitionem
396 1995 416 2044 a
441 1967 626 2042 ludovico
642 1968 704 2043 Xl.
729 1993 760 2042 a.
788 1976 890 2058 1461.
916 1967 1131 2061 inpetravit,
1157 1973 1271 2045 invita
1286 1973 1347 2045 Cu·

147 2080 199 2153 ria
221 2090 258 2144 ot
283 2066 467 2142 Academia
492 2063 683 2139 Parihense.

192 2168 225 2269 h.
250 2164 464 2238 ccccxli.
489 2158 717 2244 Ferdtnandi,
744 2155 876 2229 Alsonfi
904 2157 1015 2253 Regis
1041 2158 1107 2231 lilii
1123 2160 1253 2245 nothi,
1275 2182 1347 2257 par-

150 2286 204 2341 ter
228 2261 333 2333 tuitus
355 2257 425 2343 est,
451 2276 574 2329 contra
600 2258 792 2342 Renatum,
818 2253 959 2326 Siciliae
977 2254 1143 2348 Regem,
1166 2276 1205 2329 et
1223 2257 1346 2342 Gallos,

151 2353 307 2448 impello
333 2376 356 2420 r=
372 2352 431 2448 gni
452 2348 610 2435 Siciliae,
630 2373 697 2421 nec
726 2348 931 2420 Ferdinandi
953 2349 1030 2439 jura
1059 2371 1205 2424 tanturn
1231 2351 1360 2425 confir·-

149 2451 279 2527 mavit,
308 2445 363 2517 sed
389 2466 424 2516 et
450 2443 651 2530 thesauros,
685 2464 749 2537 pro
775 2441 1003 2537 expeditione
1041 2443 1140 2517 sacra
1170 2445 1345 2532 colhiia,

151 2542 308 2620 exhausit
332 2540 368 2610 in
396 2558 536 2633 gratiam
565 2539 657 2630 ejus,
683 2560 797 2631 eoque
816 2564 888 2610 rem
905 2538 1042 2633 adegit,
1069 2562 1110 2610 ut
1129 2542 1264 2615 Galliae
1278 2563 1348 2614 cau·

152 2646 188 2719 sa
222 2640 395 2729 integrao
428 2634 664 2726 Neapolitano
690 2635 794 2705 luerit
816 2635 953 2724 dilapsa.
1002 2636 1101 2704 Faeit
1129 2659 1252 2710 autern
1279 2639 1352 2708 Fer·

153 2733 328 2813 dinando,
364 2752 400 2803 ut
436 2730 566 2818 sertor,
593 2734 651 2822 lpe
684 2729 831 2800 familiae
863 2731 1122 2801 Picolomineae
1149 2734 1352 2829 amplifican-

154 2840 230 2911 dae.
281 2832 361 2924 Quo
393 2823 542 2921 spectat,
575 2826 670 2920 quod
702 2824 910 2895 Fetdrnandi
938 2824 1037 2895 liliam
1066 2827 1239 2901 Antonio
1263 2827 1354 2901 Pico·

156 2930 330 3009 lomina-o,
355 2923 478 3017 nepoti
503 2922 583 3007 suo,
615 2922 856 3017 procuraverit
881 2942 1047 3001 uxorem,
1074 2943 1158 2992 curn
1187 2920 1356 3018 Amalphi·

156 3046 238 3098 tarro
269 3020 419 3100 ducatu,
457 3016 597 3089 nomine
637 3016 745 3093 dotis,
781 3014 951 3099 Urhnos,
986 3018 1144 3110 altosque
1188 3020 1361 3092 Romanos

157 3135 341 3218 proceret,
366 3112 424 3182 sub
447 3114 666 3183 anathemate
690 3108 851 3181 abstraxit
874 3113 1063 3204 apartibus
1079 3112 1277 3189 Gallicanis.
1303 3110 1362 3187 Sed

159 3211 249 3291 nihil
281 3228 352 3278 nrm
384 3207 426 3278 ad
464 3204 682 3279 Pontiheiam
719 3205 957 3300 Majellatem,
991 3205 1026 3276 in
1053 3207 1190 3281 summo
1215 3212 1364 3284 culmine

158 3304 355 3407 ponendam
378 3321 437 3376 aut
463 3303 645 3388 tuendam,
672 3301 764 3395 egit,
790 3298 1033 3397 omnesque'ei
1059 3308 1287 3379 adversantes
1308 3308 1362 3377 de·

157 3398 359 3499 primendot
393 3418 456 3491 per
489 3398 656 3470 censurat.
707 3396 845 3495 l'raeter
878 3399 984 3468 modo
1015 3419 1232 3485 memorata,
1267 3397 1366 3496 Sigil-

160 3497 348 3577 mundum,
376 3491 533 3565 Austriae
561 3495 715 3578 Ducem,
740 3494 787 3561 ob
799 3495 855 3586 jus
873 3488 1151 3564 Ecclehallicum
1172 3498 1363 3582 violatum,

162 3588 310 3667 confixit
341 3589 514 3669 censorin
538 3588 579 3658 ad
607 3586 796 3658 concilium
820 3606 954 3669 autem,
974 3604 1006 3655 et
1031 3589 1233 3664 universum
1259 3612 1362 3683 nopo-

162 3688 231 3764 lum
242 3679 497 3763 Christianum,
515 3680 745 3773 adpellantem
759 3684 1005 3843 pronunciavit
1022 3683 1131 3756 laesae
1151 3676 1362 3781 Maiestatis,

164 3804 205 3859 ac
228 3775 397 3852 srutoriae
427 3772 613 3862 haerelios,
630 3798 747 3859 reum,
775 3775 961 3848 hetherum
980 3798 1140 3873 quoque,
1169 3774 1369 3875 Archiepiss

163 3896 291 3969 copam
332 3867 603 3973 hloguntinum,
636 3871 733 3982 causa
767 3867 950 3954 hmoniae,
978 3890 1016 3943 et
1046 3874 1294 3983 perduellionis
1327 3875 1368 3949 in

160 3974 277 4107 leden
299 3964 536 4073 apostolom
550 3986 593 4044 ac
607 3965 810 4099 lopertum,
837 3970 1372 4155 excommmoetumeoinciiaini
