3022 4806
128 588 202 678 348
439 583 445 593 ’
504 574 651 670 {fissuris
673 575 803 681 Esaias.
830 569 948 676 sitifi.

131 750 297 849 negavit,
325 750 558 847 juramentum
584 750 777 841 fidelitatis3
817 751 969 846 denique
999 741 1200 831 cunffltuie,
1223 748 1350 839 tene!¹

135 846 260 942 Reges
286 848 492 921 Germaniae
518 870 666 937 numen,
692 849 838 945 etjura,
866 845 1000 939 superii
1027 843 1185 949 recipere
1203 859 1225 907 a
1242 833 1345 934 Papil-

140 942 317 1018 thricus
348 944 472 1038 Papam
506 943 542 1015 in
578 943 736 1016 ordinem
768 942 976 1037 redegrlser,
1017 936 1043 1010 fi
1077 934 1208 1010 drusius
1239 922 1343 1000 luisset

142 1035 330 1130 superstes,
371 1038 465 1111 seda
491 1039 727 1111 Dominicano
760 1040 957 1124 monacho,
997 1035 1039 1104 ab
1069 1033 1145 1105 aliis
1168 1040 1340 1125 corrupto·

143 1131 196 1207 est
223 1153 376 1221 veneno,
403 1132 486 1205 vino
510 1131 736 1206 eucharistico
759 1131 934 1220 inmixto,
961 1124 1000 1202 in
1024 1127 1100 1224 ipsa
1113 1127 1340 1229 communiunt

145 1227 322 1326 praebito,
347 1226 542 1301 enstinsius.
594 1229 662 1300 Sed
685 1229 830 1300 Ptolem.
859 1222 1001 1299 Lucens.
1026 1225 1064 1298 in
1099 1241 1173 1293 vira
1199 1218 1340 1290 clemen·

148 1322 196 1396 tis
222 1322 268 1394 V.
296 1319 424 1408 refert,
453 1321 564 1416 ipsum
581 1344 682 1397 nrorrr
706 1322 852 1395 naturali
870 1322 936 1397 esse
953 1315 1178 1403 desunfitum,
1202 1332 1238 1383 et
1256 1306 1339 1417 malt·

145 1417 229 1494 salos
250 1415 372 1507 aliquos
397 1417 540 1504 dixisse,
572 1442 721 1491 venenum
745 1415 804 1511 ipſs
819 1414 925 1512 fuiffe
949 1416 1061 1486 datum
1092 1416 1125 1484 in
1149 1410 1338 1496 ‘nehalim'

147 1514 334 1595 Ceterum,
359 1512 453 1584 inter
477 1512 657 1611 superbiae
673 1516 805 1606 Papalrs
824 1511 1014 1607 specimina
1037 1508 1123 1596 alia,
1151 1507 1235 1579 illud
1257 1517 1340 1573 note·

146 1621 222 1693 tur,
247 1608 340 1700 quod
361 1605 577 1682 Franciscum
595 1610 813 1699 Dandulum,
838 1608 1060 1679 Venetorum
1077 1615 1342 1698 procuratorem·

146 1719 185 1776 er
220 1722 341 1774 eorum
376 1702 517 1775 nomine
553 1702 739 1799 supplicem
780 1703 869 1799 apud
903 1702 1046 1796 Papam,
1085 1697 1201 1769 ferrea
1240 1702 1344 1765 catena

150 1797 243 1871 collo
269 1796 393 1892 injeeia
420 1798 529 1894 pasius
551 1795 592 1870 stt
614 1801 656 1870 ad
680 1798 792 1892 Papae
816 1799 966 1870 mensam
987 1797 1106 1891 jacere
1129 1787 1345 1889 prostratum:

145 1907 185 1965 ut
203 1891 404 1979 Sabellicus,
436 1914 474 1964 et
493 1892 626 1985 Veneri
651 1893 853 1986 scriptores,
878 1891 1045 1964 referunt.
1094 1888 1284 1982 Denique,
1308 1884 1348 1952 dr·

150 1988 305 2085 plumata
322 1988 366 2060 de
385 1985 473 2060 sesto
487 1991 624 2081 corporis
643 1985 761 2078 Clrrr‘lir'
778 1987 985 2060 celebrando
999 1982 1207 2068 renovavit,
1232 1999 1273 2052 er
1290 1978 1351 2049 Cle·

150 2087 312 2157 maurinos
333 2082 457 2171 edidit,
482 2083 554 2158 five
570 2085 694 2157 librum
711 2081 900 2179 septimum
919 2078 1167 2162 decretalium:
1187 2077 1225 2149 in
1254 2075 1354 2146 libror

153 2179 303 2274 quinque
328 2179 498 2266 divilirm,
524 2204 543 2252 a
567 2180 753 2255 successore
779 2179 937 2274 Johanne
960 2176 1073 2248 XXII.
1101 2172 1239 2265 promul
1266 2189 1358 2243 arura

153 2296 183 2346 a.
208 2298 314 2367 ¹317·
362 2272 810 2367 liefunllusesta.1314.,
837 2272 994 2366 seseque,
1020 2270 1113 2341 inter
1137 2265 1224 2354 alia,
1288 2286 1357 2370 em·

149 2367 337 2476 plariorum
353 2369 509 2449 excidio,
534 2367 743 2455 libidinibus,
768 2390 810 2439 ac
832 2365 1156 2446 nundinationibus,
1187 2359 1356 2459 praestitit

150 2460 327 2536 infamem.
381 2461 518 2534 Obviae
542 2461 617 2533 sunt
641 2464 714 2556 ejus
736 2461 969 2536 accusationes
989 2459 1081 2556 apud
1107 2456 1269 2530 Dantem'
1285 2453 1356 2528 A'i·

153 2552 307 2652 getium,
334 2554 551 2642 Massonum,
576 2554 787 2644 Villanium,
813 2576 850 2628 et
872 2556 963 2630 alios.

206 2648 236 2745 b.
262 2649 436 2722 cccvll.
462 2647 647 2736 Successit,
680 2650 856 2744 postquam
884 2649 999 2735 sedes,
1024 2667 1173 2742 propter
1198 2642 1355 2720 cardina·

154 2746 242 2821 lium
278 2743 429 2829 diffidia,
457 2745 745 2844 suprabiennium
774 2745 943 2831 vacasset,
990 2746 1116 2817 acubus
1138 2745 1184 2813 de
1212 2742 1316 2827 Olia,
1340 2763 1362 2811 e

156 2839 680 2939 patresutorevereramentario
697 2863 813 2924 natus,
833 2841 945 2914 dictus
980 2840 1261 2912 ohannesXXlI.
1304 2834 1362 2932 qus

156 2935 283 3030 seipse
300 2935 421 3028 Papam
440 2937 657 3023 nominavit,
674 2959 712 3010 ut
731 2936 835 3010 tradit
852 2938 934 3032 Joh.
953 2933 1133 3025 Villanius.
1159 2936 1250 3005 Cum
1270 2930 1363 3011 inor

157 3030 352 3104 Cardinales
377 3029 560 3104 conveniri
587 3054 656 3104 non
681 3030 811 3129 posset,
846 3026 1127 3124 compromissum
1148 3025 1272 3101 secisse
1290 3051 1365 3103 nar·

152 3147 289 3209 rantur,
315 3146 393 3195 eum
420 3124 496 3197 fore
521 3128 643 3221 Papam
654 3129 670 3212 ,‘
690 3151 792 3219 quem
811 3131 958 3222 Jacobus
979 3128 1022 3196 de
1048 3122 1127 3197 Ossa
1143 3125 1370 3213 nominaret3

157 3245 227 3318 quo
253 3218 365 3307 fasso,
390 3217 560 3316 seipsum
587 3223 771 3295 declaravit
796 3226 933 3317 Papam.
987 3220 1089 3316 Quod
1108 3237 1296 3312 utrumque
1315 3240 1365 3295 ta·

157 3338 236 3393 men
270 3314 469 3389 indubium
493 3339 647 3390 vocatur.
698 3320 785 3391 Sunt
800 3343 915 3404 enirn,
939 3318 1019 3412 qui,
1052 3315 1161 3405 ipsum
1179 3335 1224 3386 ert
1248 3317 1367 3407 prisca

157 3409 341 3487 nobilitare
357 3409 525 3507 originem
544 3410 718 3499 habuiffe,
746 3413 920 3498 referunt,
949 3413 1030 3483 Vid.
1052 3409 1199 3481 Baluzius
1228 3431 1305 3482 not.
1324 3408 1367 3483 ad

156 3505 265 3589 Vitas
285 3505 451 3590 Paparum
471 3509 647 3582 Avenion.
665 3509 690 3578 1.
716 3510 892 3602 Propriam
912 3506 1114 3581 elediionem
1132 3502 1276 3598 quidem
1300 3507 1368 3578 tes·

158 3616 274 3675 rantur
291 3599 443 3686 Villani,
461 3623 496 3672 et
512 3605 709 3676 Antoninus
731 3605 767 3674 in
785 3606 984 3687 Chronico,
1007 3602 1062 3672 sed
1079 3599 1134 3671 alii
1155 3597 1273 3685 silent,
1298 3622 1369 3677 nec

154 3693 219 3792 ipsi
251 3694 287 3765 in
322 3691 454 3787 signum
477 3699 675 3769 ambitionis
700 3699 829 3792 objecit
855 3698 1055 3769 Ludovicus
1088 3697 1255 3780 Bararus,
1289 3693 1369 3789 ipse

159 3810 316 3885 quoqne.
344 3789 468 3860 litteris
499 3792 706 3885 encyclicis,
743 3795 776 3865 se
802 3792 913 3864 relert
938 3789 1155 3865 concorditer
1179 3789 1249 3861 esse
1271 3793 1370 3865 elec·

160 3905 234 3958 turn
252 3906 271 3952 a
286 3882 535 3970 Cardinalibus,
560 3907 601 3954 ac
625 3884 730 3958 initio
746 3886 940 3970 haesitasse,
960 3911 1040 3958 num
1059 3909 1145 3956 onus
1164 3885 1372 3981 susciperet.

155 3979 246 4071 ,Vrd
267 3977 381 4054 Baluz.
407 3980 430 4054 l.
456 3976 514 4056 cit.
529 4001 565 4075 p.
585 3988 690 4076 726„
716 3981 884 4080 quiriani
909 3979 1143 4083 compromissi
1159 3978 1273 4079 primo
1289 3980 1376 4151 gui·

1317 4092 1379 4148 em
