3022 4806
83 27 788 412 -
1338 391 1345 400 .

591 603 599 617 ’
637 603 745 689 &aas
771 605 860 687 XII.
1312 630 1364 705 μ

136 780 327 888 nffllilsrtr.
378 786 469 867 Vid.
493 787 684 866 Cinnamus
713 789 736 868 l.
760 788 828 866 VI.
861 809 895 863 c.
921 805 955 860 2.
982 803 1019 861 et
1043 781 1192 860 NIcetas
1217 786 1346 868 Annas.

138 890 157 957 I
182 888 272 978 cit,
299 906 339 961 et
363 886 402 961 in
427 886 589 962 thesauro
611 887 719 963 modo
741 886 863 960 citato.
913 882 1042 958 Refert
1072 880 1215 978 insuper
1238 887 1353 960 Nice·

138 997 206 1070 tas,
247 984 344 1079 quod
369 982 536 1079 singulare
560 982 633 1076 eli,
667 1003 704 1058 et
727 981 868 1080 genium
890 980 999 1056 seculi
1025 975 1242 1071 manifestat,
1282 983 1355 1057 hoc

135 1075 315 1154 decretum
331 1085 432 1154 rubra
446 1077 632 1175 scriptura,
666 1099 832 1176 tanquam
849 1077 931 1150 ense
958 1075 1155 1182 flammeo,
1177 1076 1250 1151 elle
1279 1101 1355 1151 mu·

101 1244 105 1272 ,ι
137 1171 273 1263 nitum,
313 1198 390 1271 quo.
413 1195 565 1249 mortem
598 1197 636 1250 et
666 1172 1072 1248 excommunicationem
1106 1171 1357 1248 minitabantur

138 1265 444 1355 dissentientibus3
460 1292 639 1367 praeterea
653 1270 776 1345 tabulis
792 1269 940 1366 lapideis
962 1267 1171 1363 insculptum
1187 1267 1224 1341 in
1246 1270 1357 1344 Tem·

137 1364 195 1458 plo
208 1365 378 1452 maximo
400 1363 472 1438 elie
496 1366 707 1441 dedicatum.
757 1364 839 1464 Quo
863 1386 934 1438 non
956 1361 1116 1437 obstante
1133 1361 1250 1438 multis
1266 1364 1354 1438 haec

137 1458 305 1533 delinitio
332 1459 528 1556 displicuit,
552 1462 613 1558 qui
638 1460 917 1557 suspicabantur,
941 1458 1005 1554 ipsr
1023 1460 1149 1532 Verbo
1165 1460 1255 1550 Dei,
1280 1485 1356 1535 me-

138 1555 194 1643 dia
220 1576 349 1648 carne,
381 1556 622 1632 minoritatem
637 1557 728 1631 illam
753 1556 882 1648 tribui,
906 1576 945 1629 ut
970 1555 1076 1628 habet
1097 1554 1266 1645 Nicetas,
1299 1557 1358 1652 qui

138 1651 231 1727 illam
256 1649 503 1727 definitionem
537 1675 583 1725 eo
616 1653 762 1727 nomine
792 1655 929 1748 carpit,
960 1651 1054 1747 quod
1079 1649 1172 1723 Filio
1194 1651 1353 1727 iucarna-

136 1767 174 1835 to
187 1745 307 1821 minus
321 1750 451 1822 tribuat
468 1771 569 1844 quam
584 1748 702 1837 Patri,
730 1769 812 1822 cum
831 1749 860 1820 F
861 1748 965 1834 rlius,
990 1763 1148 1820 naturam
1164 1747 1355 1823 humanam

139 1841 344 1934 adsumens,
374 1863 563 1938 propterea
587 1865 659 1918 non
681 1842 789 1917 suerit
816 1842 930 1917 minor
947 1839 1085 1931 ladius,
1114 1844 1233 1939 potius
1256 1864 1357 1919 natu·

141 1959 213 2012 ram
240 1960 319 2012 eam
342 1936 582 2030 deificaverit,
606 1957 644 2013 et
670 1937 728 2014 sua
750 1938 861 2034 gloria
882 1962 946 2035 per
970 1937 1140 2012 unionem
1156 1940 1354 2014 ornaverit.

143 2034 278 2108 Tradit
303 2056 444 2131 quoque
471 2035 678 2122 Cinnamus,
702 2035 886 2108 nonnullos
909 2032 1150 2108 dissentientes
1174 2033 1272 2107 suilie
1297 2058 1360 2110 ex·

143 2134 444 2217 communicatos,
483 2128 778 2217 seussataathemati
805 2127 999 2222 subjecios,
1032 2128 1115 2201 alios
1139 2153 1185 2202 ex
1210 2130 1361 2204 Ecclesi-

144 2225 253 2301 afficis
285 2224 455 2322 catalogis
485 2222 633 2300 deletos.
683 2225 810 2318 Longe
843 2222 911 2296 hac
940 2239 1042 2317 parte
1075 2223 1290 2296 moderatior
1324 2245 1363 2302 et

145 2320 355 2420 prudentior
375 2321 445 2394 suit
466 2317 692 2394 Andronicus
716 2319 933 2405 comnenus,
959 2314 1173 2408 luxuriosus,
1201 2319 1365 2395 libidino-

143 2420 218 2507 sus,
242 2437 282 2489 et
301 2418 421 2490 saeuus
435 2415 576 2511 quidem
602 2418 806 2511 Inperator,
833 2413 891 2487 sed
915 2411 961 2486 de
985 2436 1119 2511 reguo,
1146 2415 1287 2512 ejusque
1304 2421 1358 2492 re'.

141 2512 376 2601 formatione,
399 2511 536 2608 optime
553 2511 720 2599 meritus,
745 2509 938 2585 studiorum
961 2508 1068 2583 etiam
1086 2530 1260 2583 eteorum
1277 2535 1360 2609 pro·

143 2605 314 2700 sefforam
337 2606 538 2681 aestimator
563 2605 747 2707 egregius,
777 2606 836 2702 qui
866 2602 1118 2714 disputationes
1146 2606 1297 2681 curiosas
1320 2609 1365 2684 de

141 2701 228 2783 fidei
263 2720 300 2775 et
333 2701 516 2800 religionis
549 2699 732 2798 quaesitis,
772 2700 810 2775 in
840 2698 955 2796 specte
985 2699 1091 2774 etiam
1128 2697 1172 2773 de
1202 2701 1271 2778 hae
1291 2700 1367 2799 ipsa

120 2796 375 2971 ‘qufaeestionffi
397 2809 519 2874 severe
545 2794 723 2875 damnavit
747 2814 784 2870 et
806 2794 1009 2895 prohibuit,
1035 2813 1074 2870 ut
1090 2793 1237 2870 Nicetas
1259 2794 1364 2874 usi

141 2921 176 2974 tr
237 2913 266 2968 t.
847 2955 851 2964 .

151 3043 156 3049 -
193 2991 226 3090 §.
255 2989 467 3064 XXXVIII.
514 2989 630 3065 Tertia
659 2986 750 3082 suit,
790 3010 882 3065 num.
904 2990 943 3066 in
976 2984 1101 3064 tabuiis
1131 2985 1367 3067 Catecheticis
1424 3072 1426 3078 ,

147 3086 425 3164 Christianorum
450 3086 633 3162 anathema
658 3084 766 3163 redte.
788 3087 1043 3183 pronuncietur
1072 3084 1109 3158 in
1138 3086 1255 3159 Deum
1280 3087 1366 3161 Mu·

146 3179 362 3269 hammedis,
386 3205 443 3255 nrt
457 3200 665 3276 generantem
682 3204 737 3256 nrt
783 3187 924 3274 ruitura,
949 3183 1005 3257 sed
1022 3179 1200 3281 taleam..
1230 3184 1369 3293 Inpert-

150 3279 367 3355 torManuel
393 3278 475 3350 illud
490 3279 605 3352 voluit
629 3207 869 3374 expundum,
894 3297 1055 3376 tanquam
1072 3303 1161 3353 vero
1177 3282 1257 3353 Deo
1275 3279 1369 3377 tnju·

149 3375 300 3461 tiosum,
331 3394 412 3448 cum
435 3372 576 3469 verilit
596 3374 668 3449 Dei
692 3371 900 3468 epitheton,
925 3391 961 3448 et
984 3374 1298 3450 Muhammedanis
1312 3380 1369 3452 in·

152 3469 350 3558 vidiosum,
377 3487 415 3544 et
447 3469 642 3544 scandalum
668 3468 837 3564 ejusmodi
860 3470 1064 3560 anathema3
1096 3470 1371 3568 repugnantibus

150 3562 391 3643 Antistitibus.
441 3565 623 3656 Tandem,
663 3565 836 3639 sententia
860 3565 1081 3643 commodius
1107 3566 1293 3664 explicita,
1332 3569 1372 3645 in

148 3664 188 3740 id
214 3658 486 3750 consenserunt,
510 3659 697 3736 anathema
720 3683 791 3734 non
814 3662 897 3736 Deo
919 3662 1203 3752 Muhammedis,
1230 3664 1286 3739 sed
1313 3668 1369 3762 ip·
1467 3738 1473 3750 χ

147 3761 194 3850 fi,
218 3756 358 3856 ejusque
376 3754 573 3846 doslrinae,
591 3756 660 3831 elIe
677 3753 877 3832 dicendum.
911 3758 1039 3861 Quod,
1065 3780 1103 3834 ut
1119 3759 1248 3836 reiiius
1263 3763 1370 3836 intel·

147 3856 296 3953 ligatur,
327 3853 509 3927 sciendum
533 3850 604 3938 est,
630 3851 822 3949 symbolum
845 3853 931 3929 fidei
956 3856 1293 3947 Muhammedanae,
1317 3858 1371 3931 in·

150 3972 208 4027 ter
227 3949 311 4039 alia,
337 3948 633 4040 haberentur,
664 3949 718 4021 ille
744 3947 838 4023 Deus
859 3974 941 4023 unus
967 3952 1060 4024 Deus
1083 3954 1295 4038 Azzumau'o,
1319 3954 1372 4044 qui

151 4070 207 4124 net
220 4050 353 4143 gignit,
379 4069 441 4123 nec
456 4046 628 4143 gignitur,
651 4069 710 4121 nec
722 4043 784 4141 ipſs
799 4044 975 4162 eflstrm'lir
993 4046 1243 4148 quisquamst
1261 4044 1311 4116 est
1332 4045 1371 4125 in
1408 4112 1411 4117 .

197 4140 284 4222 Yam
310 4142 382 4220 VI.
753 4141 785 4232 E
1198 4141 1374 4246 Alcotanq
