2976 4830
127 612 200 690 552
536 589 685 691 uastata
706 590 838 692 Ettits.
864 594 990 699 Christ.

130 796 190 852 tea
218 770 406 874 aJesuitis
433 771 593 851 detectus
625 773 696 868 est,
734 795 898 876 tanquam
932 775 1203 868 haereticorum
1218 794 1335 895 fautu,

127 874 167 948 in
190 873 329 971 primis,
351 870 428 968 quia
443 873 678 961 clericorum,
706 875 994 970 Monachotum,
1021 900 1064 956 et
1092 890 1213 965 curiae
1228 896 1336 973 Rona-

129 984 216 1061 nae,
242 968 523 1044 vitiaiiberrime
549 968 775 1067 perstrinxit3
799 994 901 1069 quum
929 979 979 1049 ob
999 981 1144 1057 causam
1171 989 1209 1063 in
1231 1014 1336 1089 expui·

130 1069 269 1166 gatorio
292 1065 410 1138 indice
432 1068 475 1138 ad
498 1066 635 1140 ciaiiem
669 1087 852 1158 autorum,
885 1092 991 1146 caute
1015 1077 1271 1180 legendorum,
1298 1112 1335 1164 tt·

127 1168 215 1238 satus
239 1161 301 1236 est.
355 1162 495 1233 Cciebre
520 1184 637 1235 autem
660 1163 778 1238 nasius
802 1164 855 1238 est
878 1190 1010 1243 nomen
1036 1177 1233 1260 Annalibus
1252 1187 1333 1280 Boio

126 1284 224 1349 rum,
246 1282 265 1332 a
290 1255 408 1355 primis
436 1259 689 1334 Germanorum
716 1264 935 1358 temporibus
965 1267 1079 1364 usque
1106 1275 1151 1349 ad
1174 1302 1206 1354 a.
1233 1304 1336 1375 1450,

130 1360 231 1434 libris
252 1355 360 1443 vit..
385 1376 534 1449 quorum
550 1359 730 1431 novissima
747 1359 858 1431 editio
883 1360 934 1437 est
957 1362 1239 1470 Gundiiugiaua.
1282 1384 1335 1454 Ce-

127 1476 242 1527 terum
265 1470 431 1548 expertus
461 1451 598 1547 etipse
630 1452 680 1527 est
704 1453 1026 1534 Ecdesrasticorum
1051 1469 1277 1565 vexationes,
1302 1474 1333 1550 iu

128 1570 303 1623 carcerem
334 1568 473 1644 quoque
495 1550 541 1621 ob
564 1547 733 1624 haerestos
756 1550 988 1648 suspicionem
1015 1560 1164 1658 missus,
1189 1568 1246 1645 sed
1267 1560 1340 1645 inde'

124 1650 299 1721 iberatus.
354 1645 521 1739 Denique
554 1670 680 1741 agmen
722 1645 971 1727 historicorum
1013 1657 1161 1736 claudat
1192 1666 1335 1743 historiae

127 1739 344 1817 Universaiis
365 1743 530 1813 conditor
552 1744 690 1816 Natalis
718 1743 844 1833 Comes,
876 1748 1044 1825 Patricius
1075 1754 1261 1855 Venetus,
1284 1768 1335 1838 ob·

124 1841 282 1914 scuriote
305 1836 444 1933 quidem
473 1836 569 1927 stilo,
596 1860 634 1910 et
659 1841 784 1911 ordine
808 1842 972 1929 confuso,
1006 1869 1132 1925 cetera
1159 1879 1234 1933 nou
1258 1860 1336 1957 sper·

59 1974 62 1979 ¹
122 1939 276 2024 nendos,
310 1956 346 2006 et
373 1933 498 2005 Ponitis
522 1933 664 2028 Jonas,
698 1935 893 2032 Episcopus
917 1939 1121 2036 Nuceriae,
1153 1959 1335 2031 membrum

123 2033 266 2108 concilii
311 2031 550 2119 Tridentini,
600 2032 779 2125 praeclaris
820 2032 996 2111 historicis
1037 2042 1334 2129 adnumerandms

123 2131 260 2230 scripsit
283 2127 460 2202 historiam
481 2125 530 2201 sui
552 2127 717 2224 temporis
733 2124 823 2203 libris
841 2132 979 2228 XLV„
1004 2154 1043 2210 et
1067 2144 1190 2241 elogia
1215 2147 1333 2225 illustri·

121 2254 180 2303 uni
207 2252 369 2302 virorum.
1276 2310 1285 2325 ,

177 2325 209 2423 s.
244 2328 291 2398 D.
344 2326 604 2414 Litterarum,
647 2326 689 2399 ad
733 2351 818 2423 quos
853 2350 992 2426 pergo,
1040 2334 1220 2438 Princeps
1256 2367 1328 2419 cum

118 2425 187 2495 hoc
220 2419 334 2492 seculo
366 2420 495 2491 metito
523 2423 688 2519 habeatur
717 2422 903 2515 Defiderius
929 2425 1111 2526 Erasmus,
1149 2434 1195 2508 de
1218 2463 1262 2513 eo
1281 2463 1334 2515 tu·

117 2539 155 2593 te
196 2538 318 2591 omues
358 2517 528 2608 agendum
570 2516 629 2588 est.
688 2520 804 2593 Natus
837 2522 978 2618 quidem
1015 2525 1068 2597 est
1106 2528 1330 2611 Roterodami

115 2615 210 2689 circa
243 2636 274 2687 a.
305 2596 429 2703 1467„
464 2610 519 2682 sed
545 2610 691 2687 Goudae
716 2638 907 2712 conceptus
931 2643 976 2695 ex
1001 2621 1196 2720 illegitimo
1223 2632 1329 2706 matris

118 2709 335 2788 commercio
360 2729 439 2780 cunr
466 2709 542 2781 cive
573 2707 722 2785 honesto
749 2711 937 2802 Goudann,
971 2718 1057 2790 iicet
1089 2723 1156 2797 sub
1182 2723 1243 2823 spe
1266 2750 1328 2801 mr·

113 2804 293 2898 trimonii,
327 2826 431 2902 quare
463 2800 647 2879 illustribus
678 2808 800 2903 spuriis
829 2811 1092 2904 adnumeratur,
1137 2817 1325 2918 Tyrocim'r

112 2907 277 3003 deposuit
303 2901 538 2992 Daventriae,
566 2899 626 2976 sub
653 2905 758 2977 turcia
782 2904 918 2993 matris,
958 2928 995 2981 et
1017 2930 1104 2987 cura
1130 2919 1240 3010 patris
1264 2921 1326 2994 Ge·

113 3004 226 3090 tardi,
251 3001 309 3095 qui
334 3018 446 3071 nmen
464 3017 609 3073 matrem
627 3017 801 3097 nunquam
824 3001 943 3092 duxit,
969 3023 1029 3076 aut
1054 3008 1182 3103 postet
1202 3018 1320 3111 tetigit.

111 3099 181 3173 Sed
209 3113 359 3189 utroque
387 3116 535 3189 parente
553 3094 651 3169 brevi
675 3099 832 3186 orbatus,
857 3117 895 3170 et
913 3098 1089 3176 tutoribus
1106 3112 1320 3202 commisitt,

111 3197 235 3269 voleus
260 3192 382 3263 nolens
411 3190 588 3267 advitam
614 3189 839 3266 monasticam
873 3191 925 3268 est
954 3194 1114 3276 atauus:
1154 3206 1245 3282 unde
1266 3230 1321 3304 per

106 3290 321 3391 Episcopum
356 3290 637 3362 Cameracensem
667 3283 871 3378 abstractus,
914 3292 1019 3365 variis
1048 3293 1088 3368 in
1123 3299 1319 3378 Academiis

108 3406 146 3465 et
178 3390 261 3462 lotis
293 3405 443 3458 aetatem
475 3387 594 3472 trivit,
635 3381 695 3457 diu
721 3383 868 3458 Basrieae
892 3387 1043 3461 versatus
1070 3389 1123 3466 ibi
1147 3397 1318 3480 defunctus

104 3486 157 3560 est
189 3510 219 3558 a.
250 3489 354 3577 1536.
382 3483 504 3554 Vitam
540 3482 613 3576 ejus
636 3502 699 3575 per
720 3480 858 3553 annaies
881 3502 925 3556 ex
942 3480 1108 3578 Epistolis
1125 3493 1205 3585 ejus
1227 3517 1313 3591 prae·

105 3588 197 3658 clare
227 3581 416 3655 contexuit
440 3578 471 3674 J.
500 3578 656 3650 Clericus
679 3575 765 3648 Bibl.
791 3575 916 3654 Seleu.
943 3597 969 3654 t.
996 3580 1045 3655 V.
1072 3603 1110 3657 et
1133 3586 1207 3663 VI.
1255 3593 1309 3664 Er·

106 3683 170 3758 stat
197 3698 333 3776 quoqne
359 3675 432 3745 vita
458 3676 532 3767 ejus
556 3674 591 3744 in
617 3674 696 3744 uitis
717 3673 906 3746 Seteuornn
930 3677 1095 3770 uirorum,
1121 3705 1214 3780 quae
1229 3690 1305 3760 Lon·

106 3778 180 3853 dini
226 3774 443 3872 prodierunt.
495 3765 785 3841 Viruientissimas
821 3768 854 3863 J.
888 3771 928 3845 C.
961 3773 1129 3870 scaligeri
1163 3781 1305 3880 epitom

101 3896 223 3951 contra
258 3865 431 3941 Erasmum
463 3861 498 3935 iu
523 3865 638 3952 iucem
664 3863 838 3962 protraxit
863 3865 1073 3944 Scheihorn.
1102 3898 1239 3952 amoto.
1259 3877 1308 3950 iit·

100 3997 165 4048 ter.
196 3992 217 4043 t.
247 3963 371 4046 Visi,
399 3958 459 4058 qui
485 3959 589 4034 etiam
610 3961 763 4056 ejusdem
782 3959 946 4061 Scaligeri
965 3964 1147 4063 elogium,
1176 3997 1246 4070 quo
1265 3975 1312 4070 ip·

97 4072 173 4152 sum
208 4057 287 4165 post
319 4078 470 4135 mortem
502 4056 715 4155 honoravit,
742 4053 1061 4169 ibidem·exhibet:
1089 4089 1138 4145 ex
1164 4092 1235 4169 quo
1254 4093 1312 4165 pa·

20 4198 111 4480 x
1244 4179 1312 4250 tet,
