3022 4806
663 597 771 678 Senti.
798 598 876 681 XV.
943 633 954 657 ·-
1088 634 1100 663 -·
1300 626 1390 703 5452

194 769 227 871 Β.
241 770 484 852 ccccxctt.
512 776 626 854 Marci
644 779 787 878 Ephesii
803 780 957 873 adfecta,
984 781 1246 859 cenationum
1270 806 1366 858 acer·

146 867 259 948 timna
282 875 515 966 adversarius,
540 877 607 950 fuit
633 879 791 975 Georgius
813 879 1022 970 scholarius,
1047 881 1153 953 etiarn
1172 880 1379 957 Gennadius

143 967 273 1045 diiiua.
323 971 382 1044 De
404 993 475 1064 quo
499 975 590 1047 haud
615 974 700 1050 levia
735 977 828 1051 inter
853 975 977 1050 doetus
1002 973 1155 1072 agitatur
1181 979 1379 1086 quaestio,¹

143 1062 303 1139 fueritne
320 1089 427 1155 unua,
454 1089 495 1139 an
513 1069 587 1164 ejus
602 1069 752 1146 nominis
774 1071 874 1146 duo?
900 1073 1123 1147 Memoratur
1140 1094 1233 1146 emm
1250 1075 1378 1147 Scito·>
1422 1093 1425 1140 t

142 1162 269 1252 larius,
294 1162 354 1257 qui
380 1165 507 1237 Marco
531 1163 685 1261 Ephesio
708 1186 828 1240 contra
857 1167 1003 1242 Latinos
1027 1165 1200 1256 adhaesst,
1224 1189 1262 1241 et
1279 1173 1374 1264 Syn·¹

142 1275 260 1356 tagino
288 1257 418 1354 scripiit
445 1281 569 1334 contra
593 1264 773 1358 Synodum
799 1263 1058 1351 Florentinum,
1085 1266 1178 1361 quod
1204 1265 1360 1340 Londtni

144 1359 299 1460 prodiit,
324 1378 392 1428 nec
419 1377 488 1429 non
512 1361 618 1446 aiter,
653 1357 713 1456 qui
735 1363 843 1433 multa
868 1383 932 1456 pro
958 1359 1091 1435 Latinis
1116 1360 1152 1433 in
1178 1361 1299 1457 vulgus
1322 1385 1361 1433 e·
1472 1423 1475 1428 .

144 1453 252 1534 mifit.
303 1450 467 1524 Interfuit
498 1451 603 1525 etiam
632 1457 829 1531 scholarius
859 1456 1014 1530 concilio
1045 1456 1271 1545 Florentino,
1298 1459 1359 1554 Jo-

146 1553 254 1629 hanni
284 1551 491 1643 Palaeoiogo
521 1548 721 1638 familiaris,
764 1545 799 1625 'et
831 1552 1034 1626 Latinorum
1068 1551 1203 1643 fautor,
1246 1553 1374 1628 tenuit¹

140 1653 254 1724 etiam
286 1647 399 1719 sedem
425 1646 643 1720 CPoiitanam
674 1647 894 1735 scholarius,
935 1646 1014 1744 post
1049 1649 1169 1721 urbem
1203 1670 1363 1741 captam,

138 1751 188 1825 ab
212 1768 241 1815 a.
274 1762 376 1834 ¹403·
403 1742 478 1814 Leo
503 1744 650 1816 Aiiatiua
674 1747 760 1816 duos
785 1767 826 1817 ac
851 1743 1007 1816 diversos
1031 1743 1134 1816 fuine
1161 1745 1367 1818 Schoiorioa'

138 1839 351 1924 contendit,
375 1834 433 1908 sed
459 1859 566 1909 unum
591 1842 810 1934 eundemque
837 1841 881 1914 R.
906 1841 1027 1914 Simon
1053 1839 1097 1910 de
1119 1836 1362 1935 Tronfuustan·

136 1941 282 2012 tiott'onr
305 1954 428 2005 contra
452 1932 644 2021 Smititum,
680 1955 717 2008 et
744 1937 993 2025 Renaudotus,
1036 1936 1136 2030 cujus
1161 1933 1361 2008 dissertatio

135 2033 254 2108 exstat
278 2029 316 2102 in
343 2029 508 2101 Biblioth.
536 2029 597 2104 Gr.
623 2031 775 2105 Fabricii
795 2033 865 2104 vol.
892 2034 935 2107 X.
986 2030 1098 2131 Quam
1121 2029 1361 2125 quaestionem

141 2131 228 2208 iicet
259 2125 425 2198 decidere
451 2124 580 2214 nolim,
615 2149 686 2199 non
713 2126 846 2222 poss'um
870 2144 1007 2215 tamen,
1047 2126 1131 2221 quin
1158 2126 1368 2215 observem,

142 2225 216 2301 esse
233 2220 350 2319 poffe,
375 2240 414 2292 ut
439 2221 636 2295 Schoiariut
651 2223 850 2296 Florentiae
877 2222 914 2294 in
941 2242 1078 2314 partem
1106 2220 1286 2295 mitiorem
1305 2222 1372 2294 in·'

137 2321 347 2405 clinaverit,
385 2335 421 2389 et
462 2317 630 2391 unionem
662 2317 871 2413 judicaverit
908 2319 1052 2413 inperio
1087 2317 1259 2390 Graeciae
1293 2315 1363 2390 effe
1464 2359 1477 2382 ·

140 2413 386 2494 neceffariamt
426 2410 542 2507 postea
568 2437 674 2502 vero,
715 2415 831 2488 animo
862 2433 1019 2504 mutato,
1062 2436 1143 2486 cum
1168 2414 1252 2488 nihil
1275 2412 1372 2505 effer,

140 2539 175 2589 ε
191 2508 325 2584 Latinis
344 2512 570 2604 sperandum,
597 2506 668 2582 sese
692 2508 735 2581 iis
761 2512 879 2584 denuo
907 2509 1134 2607 opposuerit,
1160 2529 1198 2582 et
1216 2511 1371 2585 Patriae·

138 2609 213 2686 cha
236 2604 343 2681 fuerit
369 2604 490 2677 sactus.
539 2603 656 2677 Multa
686 2605 779 2680 inter
808 2627 934 2703 opera,
969 2623 1004 2678 et
1029 2603 1114 2679 varii
1138 2605 1361 2700 argumenti,

139 2727 231 2804 quae
253 2702 435 2788 condidit,
462 2696 565 2774 miffts
590 2699 733 2794 spuriis,
758 2725 846 2814 quae
874 2700 1255 2808 aPseudo·Gennadio
1274 2722 1361 2794 pro·

142 2801 238 2879 i'etia
261 2797 360 2887 sunt,
386 2797 439 2870 uti
465 2820 554 2893 quae
578 2820 643 2893 pro
662 2798 797 2871 Latinus
814 2817 852 2869 et
869 2796 1015 2890 Synodo
1033 2795 1236 2868 Florentrna
1256 2796 1365 2891 scrip·

90 2947 93 2949 -
142 2898 304 2984 tasum,
329 2911 532 2988 comparet,
564 2893 717 2965 maxime
741 2890 909 2979 notanda,
945 2885 1116 2986 toufefflo,
1150 2889 1208 2962 sen
1234 2889 1366 2964 sermo·

142 2992 279 3074 cinatio
304 2990 423 3063 habita
447 3011 527 3062 cum
556 2987 784 3079 Mohamcte,
816 2986 861 3060 de
884 2989 971 3062 reiia
1006 2986 1254 3080 christianorum
1272 2983 1366 3082 fide,

144 3112 237 3189 quae
261 3108 298 3160 et
320 3084 423 3171 aiibi,
449 3104 485 3155 et
513 3087 606 3180 apud
628 3086 864 3181 Chytraeum,
892 3083 936 3156 de
959 3078 1059 3178 statu
1082 3077 1303 3168 Eccitssorum
1328 3087 1365 3158 in

147 3186 310 3272 Graecia,
341 3177 473 3267 exstat3
500 3179 560 3253 abi
580 3179 688 3253 etiam
718 3177 889 3276 reperitur
913 3176 1062 3275 epistola
1095 3177 1191 3273 ejus,
1219 3197 1256 3250 et
1280 3180 1368 3255 alio·

145 3305 249 3371 rum,
290 3280 433 3353 nornine
458 3276 583 3373 scripta
615 3275 657 3349 ad
686 3277 861 3349 Bohemoa
890 3290 1055 3370 tanquam
1085 3271 1311 3347 orthodoxos
1334 3298 1393 3366 a„

151 3399 259 3470 1451·
311 3374 471 3446 Ceterum
498 3375 628 3469 primus
654 3370 722 3444 suit
752 3369 949 3444 Patriarcha
974 3366 1179 3444 CPolitanut
1204 3367 1284 3464 post
1308 3394 1368 3471 ur·¹
1485 3404 1489 3410 “

146 3479 232 3554 bem
264 3488 469 3567 occupatam
503 3491 521 3541 a
552 3468 699 3558 Tomis,
738 3465 941 3541 Moharneti
977 3465 1082 3540 etiam
1113 3463 1215 3538 valde
1244 3487 1374 3568 accep·

146 3590 228 3766 md.
255 3663 503 3739 ccccxcttt.
540 3658 711 3736 succedat
741 3655 949 3757 Apologista
983 3657 1120 3758 Synodi
1143 3657 1372 3736 Florentinae

149 3765 327 3860 Gregorius
347 3757 559 3854 Meiifftnut,
586 3762 757 3832 Mammas
782 3754 915 3846 uiuos,
941 3756 1227 3857 Paiaeologotutn
1249 3776 1372 3832 acon·

146 3859 378 3943 feffionibur,
422 3858 504 3928 dein
536 3877 581 3929 ex
615 3855 876 3951 Protosyncello
913 3853 1115 3929 Patriarcha
1146 3853 1379 3946 CPoiitanur',

173 3979 223 4029 no
249 3974 367 4026 tamen
393 3974 540 4026 munere
570 3951 604 4024 se
628 3949 747 4049 postea
775 3949 896 4023 debuit
920 3949 1105 4041 abdicare,
1130 3946 1212 4056 quia
1235 3950 1281 4022 ob
1304 3946 1376 4031 strab

146 3983 245 4128 flium
281 4051 317 4124 in
354 4049 500 4127 Latinos
530 4065 606 4124 etat
638 4047 774 4146 populo
807 4042 952 4126 invisor.
1002 4045 1111 4121 Licet
1140 4061 1236 4122 cutm
1260 4043 1377 4127 attin»

159 4176 164 4187 ·
196 4142 286 4224 Torta.
314 4145 380 4224 VI.
784 4141 879 4223 Zzz
1341 4156 1384 4241 ιι

1336 4252 1477 4536 t
