3022 4806
652 105 756 182 Serus
788 105 893 181 XIII.
1312 137 1384 206 259

156 281 198 355 ad
224 279 329 355 fidem
359 282 559 382 pertinent,
585 285 775 378 accedere,
801 310 872 360 non
898 302 935 358 ut
953 285 1213 378 accusatorem,
1238 287 1296 361 sed
1313 292 1374 364 de·

145 401 416 456 muneratorem.
469 383 539 481 Qui
566 383 719 457 usitatior
745 382 797 458 est
821 381 957 457 modus.
1008 381 1113 457 Facta
1129 406 1217 457 vero
1232 386 1368 463 denun-

139 495 337 568 ciatione,
361 496 400 552 et
430 478 618 577 praestito,
645 477 747 553 tanis
768 478 979 574 euangeliit,
998 481 1222 575 juramento,
1247 482 1372 580 inqui·

137 569 238 669 sator
262 595 330 668 per
344 574 457 651 variat
480 574 694 673 quaestiones
717 574 756 649 in
775 578 911 652 causam
928 574 1113 665 scientiae,
1138 576 1376 655 circumstat·-

139 670 220 741 tiat
255 669 362 761 laeli,
405 689 445 745 et
474 674 669 769 principia,
708 694 796 768 quae
837 671 1124 746 denuntiatorem
1158 694 1369 768 moverunt,

133 762 312 860 inquirit.
361 765 461 866 Quae
484 768 600 844 omnia
615 790 678 862 per
696 766 889 842 Notarium
913 766 1094 841 extensive
1119 764 1249 866 scripta
1280 794 1366 847 con·

134 860 339 935 firmantur
364 886 384 936 a
404 864 561 937 delatore
583 889 648 962 per
671 864 959 959 subscriptionem
984 864 1160 951 numinir3
1194 889 1265 963 quo
1288 866 1361 944 sac·

135 973 204 1047 to,
234 980 274 1029 et
298 956 424 1033 secreti
443 958 643 1055 juramento
668 958 857 1056 praestim,
882 959 1028 1033 discedit
1052 960 1198 1038 delator.

189 1054 231 1153 ᾗ.
256 1055 456 1131 ccxxiv.
489 1079 524 1146 4.
551 1055 687 1154 Quibus
710 1054 880 1152 petallis,
925 1054 1111 1152 Inquisitor
1137 1056 1208 1131 sese
1234 1056 1380 1135 adve-¹

120 1149 294 1223 .ritatem
336 1172 400 1246 per
440 1149 542 1224 telier
575 1155 805 1245 indagandam
844 1152 1002 1247 adtingit
1068 1152 1210 1226 Possunt
1243 1178 1363 1229 autem

138 1245 255 1321 testes
276 1244 347 1320 elie
379 1248 648 1343 qualescunque,
686 1249 795 1323 tnodo
829 1269 899 1321 non
923 1247 988 1322 sunt
1012 1247 1178 1343 capitales
1200 1248 1383 1341 inimici..

139 1344 309 1438 adeoque
335 1361 373 1415 et
397 1344 481 1416 tales
507 1346 755 1433 admittuntur,
780 1343 841 1441 qui
856 1343 892 1415 in
907 1343 1014 1417 caulis
1030 1342 1215 1433 civilibus,
1244 1364 1281 1417 et
1297 1348 1362 1419 cri·

142 1438 358 1528 minalibur,
383 1439 461 1511 aliis
487 1440 524 1511 in
542 1437 765 1514 tribunalibus
789 1439 1035 1549 repudiantur,
1078 1441 1274 1538 qualeter.
1301 1465 1356 1537 gr.

147 1532 224 1607 lunt
244 1533 561 1622 excommunicati,
587 1534 747 1610 criminis
765 1534 868 1623 socia,
894 1534 1064 1609 haeretici
1090 1554 1213 1609 contra
1240 1538 1359 1609 haere·

147 1628 277 1720 titum,
301 1634 454 1728 perjuri,
477 1628 643 1720 infames,
676 1631 761 1705 licet
786 1629 973 1723 semiplena
994 1629 1073 1723 ipsu
1090 1629 1261 1703 tribuatur
1277 1655 1361 1725 pro·

152 1723 264 1815 butio,
306 1749 396 1821 quae
429 1746 545 1800 tamen
587 1728 630 1800 fit
655 1728 757 1821 plena
790 1747 838 1797 ex
874 1723 1112 1798 verisimilibus
1148 1725 1382 1820 conjecturis.

156 1838 191 1895 tt
212 1821 438 1920 personarum
471 1821 657 1919 qualitate,
694 1842 739 1895 ex
770 1842 945 1910 numero,
983 1836 1020 1894 et
1049 1816 1212 1895 finitum
1243 1827 1360 1901 rebut.
1445 1844 1449 1853 ·

161 1914 279 1993 Testes
302 1924 508 2015 ceteroquin
529 1922 611 2006 dun,
640 1917 749 1992 stlide
766 1916 868 2013 digni
887 1916 983 2004 sunt,
1010 1914 1053 1988 ad
1078 1917 1214 2014 plenam
1239 1917 1363 1995 suffici·

162 2030 212 2086 uut
234 2013 504 2111 probationem,
531 2015 639 2087 modo
655 2016 699 2087 de
716 2013 839 2087 eadem
857 2034 918 2102 re,
943 2012 1070 2087 eodem
1098 2014 1177 2087 loco
1201 2032 1239 2087 et
1265 2034 1359 2090 tetn·

164 2127 257 2201 pure,
282 2106 371 2184 satia
391 2110 580 2184 testentur:
607 2111 720 2204 plures
736 2131 823 2183 vero
839 2104 943 2182 testes
959 2105 1163 2203 singulares,
1186 2128 1222 2181 et
1236 2109 1359 2185 diver·

166 2200 198 2292 i,
224 2228 289 2304 pro
310 2227 382 2281 uno
406 2226 542 2281 tantum
568 2209 754 2295 habentur,
785 2202 906 2301 prucis
928 2202 1093 2301 exceptis
1113 2202 1264 2297 casrbut,
1300 2229 1358 2281 ex.

166 2318 205 2391 gt.
227 2323 309 2376 cum
330 2302 368 2375 in
391 2303 542 2399 speciem
568 2300 737 2377 haeresint
765 2298 1005 2390 conveniant,
1037 2301 1074 2371 in
1098 2301 1180 2375 loco
1205 2323 1292 2374 vero
1320 2317 1360 2375 et

167 2408 308 2494 tempore
330 2395 513 2496 fingularet
536 2418 669 2473 tantum
702 2395 781 2472 srnt.
833 2393 902 2469 Sed
931 2393 1086 2483 delator,
1125 2394 1211 2469 licet
1234 2393 1381 2477 inimi,

165 2507 211 2567 cm
228 2493 383 2588 capitalia
391 2517 413 2582 ,1
434 2496 648 2583 admittitur,
681 2491 783 2590 saepe
806 2489 910 2565 etiam
933 2490 1178 2564 adnumeratur
1195 2488 1353 2571 testibut.

165 2580 314 2688 Denique
336 2588 441 2666 restet
461 2590 584 2690 singuli
611 2585 748 2666 seorsim
765 2590 808 2664 ab
824 2584 1052 2684 inquisitore,
1076 2606 1156 2660 cum
1175 2585 1356 2681 Notario,

131 2730 134 2735 -
164 2685 341 2761 etduobut
365 2686 462 2779 aliia,
486 2688 546 2784 qui
568 2684 751 2776 adssstunt,
776 2705 815 2758 et
842 2683 950 2757 totius
965 2679 1103 2776 negotii
1130 2679 1236 2757 tester
1254 2684 1355 2778 sunt,
1379 2742 1384 2753 .

163 2783 408 2875 examinantur,
433 2783 518 2859 licet
533 2784 569 2857 id
586 2785 725 2879 semper
739 2802 810 2857 non
828 2778 1042 2852 observetur.
1091 2774 1210 2852 Testit
1225 2801 1359 2875 porro,

160 2874 312 2970 praestito
336 2901 398 2974 per
420 2880 557 2970 Deum,
583 2901 743 2969 crucem,
768 2895 804 2950 et
822 2873 935 2949 sanna
958 2873 1141 2966 euangelia
1160 2895 1267 2951 menn
1288 2896 1363 2954 ttr-

161 2990 204 3069 tt,
223 2978 445 3074 juramento,
472 2976 692 3053 examinatur
715 2995 780 3069 per
802 2969 917 3047 variat
936 2969 1175 3078 quaestione,
1196 2988 1240 3044 ut
1255 2972 1382 3084 princ

158 3072 301 3170 tipium,
333 3095 380 3147 ex
407 3094 478 3170 quo
500 3074 596 3168 agit,
628 3069 767 3145 seientia
789 3068 933 3157 causet,
960 3066 1097 3160 altaque
1120 3064 1284 3145 vetitatrt
1307 3071 1387 3147 itt-2

156 3163 260 3261 dicia,
284 3172 322 3244 in
347 3168 461 3244 lucem
482 3169 664 3265 prodeunt.
714 3166 867 3262 Quando
887 3157 966 3259 pust
979 3159 1104 3235 secreti
1124 3161 1373 3260 intuentum-

152 3260 349 3345 dimittitur.
396 3263 503 3368 Quod
536 3263 562 3339 fi
593 3286 640 3339 ez
672 3258 816 3339 testibus
846 3275 985 3355 puteat,
1026 3254 1143 3355 ipsum
1172 3260 1366 3340 delatorem

155 3366 224 3443 else
270 3361 431 3438 criminis
482 3359 640 3451 loeium,
684 3376 814 3434 eontra
851 3351 967 3453 ipsum
1007 3376 1146 3453 quoquae
1182 3357 1373 3434 instituitur

151 3460 269 3548 aelio,
291 3458 349 3534 sed
374 3456 499 3532 mitior
509 3478 671 3543 ,cumseo
694 3456 819 3553 egitur„
1380 3512 1385 3523 ,

200 3553 237 3660 5.
258 3554 439 3635 CCXXV.
457 3548 1388 3723 Testimtnrpgpeperaiiu,cortvotauturs51.cou·',

747 3694 751 3700 ·
804 3664 826 3722 2
1239 3661 1393 3733 uterere
