<?xml version="1.0" encoding="UTF-8"?>
<!DOCTYPE html PUBLIC "-//W3C//DTD XHTML 1.0 Transitional//EN"
    "http://www.w3.org/TR/xhtml1/DTD/xhtml1-transitional.dtd">
<html xmlns="http://www.w3.org/1999/xhtml" xml:lang="en" lang="en">
 <head>
  <title>
</title>
<meta http-equiv="Content-Type" content="text/html;charset=utf-8" />
  <meta name='ocr-system' content='tesseract 3.04.00' />
  <meta name='ocr-capabilities' content='ocr_page ocr_carea ocr_par ocr_line ocrx_word'/>
</head>
<body>
  <div class='ocr_page' id='page_1' title='image "./hermannivenemai00venegoog_0505.png"; bbox 0 0 2976 4830; ppageno 0'>
   <div class='ocr_carea' id='block_1_1' title="bbox 227 564 1060 718">
    <p class='ocr_par' dir='ltr' id='par_1_1' title="bbox 227 564 1060 718">
     <span class='ocr_line' id='line_1_1' title="bbox 227 564 1060 718; baseline -0.014 -19"><span class='ocrx_word' id='word_1_1' title='bbox 227 564 302 718; x_wconf 72' lang='lat' dir='ltr'>son</span> <span class='ocrx_word' id='word_1_2' title='bbox 529 637 532 642; x_wconf 85' lang='lat'>·</span> <span class='ocrx_word' id='word_1_3' title='bbox 619 607 769 710; x_wconf 73' lang='lat' dir='ltr'>lrifluris</span> <span class='ocrx_word' id='word_1_4' title='bbox 791 607 918 711; x_wconf 70' lang='lat' dir='ltr'>Etrlrss</span> <span class='ocrx_word' id='word_1_5' title='bbox 944 609 1060 709; x_wconf 71' lang='lat' dir='ltr'>Clrisl.</span> 
     </span>
    </p>
   </div>
   <div class='ocr_carea' id='block_1_2' title="bbox 58 786 1440 899">
    <p class='ocr_par' dir='ltr' id='par_1_2' title="bbox 58 786 1440 899">
     <span class='ocr_line' id='line_1_2' title="bbox 58 786 1440 899; baseline 0.008 -35"><span class='ocrx_word' id='word_1_6' title='bbox 58 808 62 817; x_wconf 82' lang='grc'><em>’</em></span> <span class='ocrx_word' id='word_1_7' title='bbox 216 800 405 899; x_wconf 78' lang='lat' dir='ltr'>peltarum,</span> <span class='ocrx_word' id='word_1_8' title='bbox 446 812 533 892; x_wconf 88' lang='lat' dir='ltr'>quae</span> <span class='ocrx_word' id='word_1_9' title='bbox 563 787 654 866; x_wconf 82' lang='lat' dir='ltr'>intra</span> <span class='ocrx_word' id='word_1_10' title='bbox 678 791 761 866; x_wconf 90' lang='lat' dir='ltr'>illud</span> <span class='ocrx_word' id='word_1_11' title='bbox 795 787 966 888; x_wconf 83' lang='lat' dir='ltr'>temporis</span> <span class='ocrx_word' id='word_1_12' title='bbox 997 786 1146 885; x_wconf 81' lang='lat' dir='ltr'>spatium</span> <span class='ocrx_word' id='word_1_13' title='bbox 1182 807 1385 872; x_wconf 68' lang='lat' dir='ltr'>moerente·</span> <span class='ocrx_word' id='word_1_14' title='bbox 1406 816 1440 875; x_wconf 86' lang='lat' dir='ltr'>nr</span> 
     </span>
    </p>
   </div>
   <div class='ocr_carea' id='block_1_3' title="bbox 63 886 1446 4248">
    <p class='ocr_par' dir='ltr' id='par_1_3' title="bbox 63 886 1446 4248">
     <span class='ocr_line' id='line_1_3' title="bbox 220 886 1438 1085; baseline -0.001 -18"><span class='ocrx_word' id='word_1_15' title='bbox 220 886 864 1085; x_wconf 58' lang='lat' dir='ltr'>{llassallit,:llll</span> <span class='ocrx_word' id='word_1_16' title='bbox 884 888 1190 1057; x_wconf 44' lang='lat' dir='ltr'>illitales?</span> <span class='ocrx_word' id='word_1_17' title='bbox 1211 888 1438 1085; x_wconf 52' lang='lat' dir='ltr'>‘siim&#39;</span> 
     </span>
     <span class='ocr_line' id='line_1_4' title="bbox 280 1037 1192 1074; baseline 0.001 -1"><span class='ocrx_word' id='word_1_18' title='bbox 280 1053 283 1057; x_wconf 95' lang='lat'>-</span> <span class='ocrx_word' id='word_1_19' title='bbox 702 1070 703 1074; x_wconf 75' lang='grc'>,</span> <span class='ocrx_word' id='word_1_20' title='bbox 867 1037 876 1056; x_wconf 89' lang='grc'><em>·</em></span> <span class='ocrx_word' id='word_1_21' title='bbox 1180 1037 1192 1074; x_wconf 86' lang='lat' dir='ltr'>r</span> 
     </span>
     <span class='ocr_line' id='line_1_5' title="bbox 232 1079 1437 1180; baseline -0.005 -14"><span class='ocrx_word' id='word_1_22' title='bbox 232 1086 370 1174; x_wconf 65' lang='lat' dir='ltr'>didiae,</span> <span class='ocrx_word' id='word_1_23' title='bbox 397 1083 439 1156; x_wconf 86' lang='lat' dir='ltr'>de</span> <span class='ocrx_word' id='word_1_24' title='bbox 461 1101 602 1178; x_wconf 87' lang='lat' dir='ltr'>quarum</span> <span class='ocrx_word' id='word_1_25' title='bbox 624 1082 781 1178; x_wconf 80' lang='lat' dir='ltr'>origine,</span> <span class='ocrx_word' id='word_1_26' title='bbox 807 1099 950 1175; x_wconf 88' lang='lat' dir='ltr'>praeter</span> <span class='ocrx_word' id='word_1_27' title='bbox 970 1080 1074 1164; x_wconf 85' lang='lat' dir='ltr'>alios,</span> <span class='ocrx_word' id='word_1_28' title='bbox 1102 1079 1177 1180; x_wconf 83' lang='lat' dir='ltr'>legi</span> <span class='ocrx_word' id='word_1_29' title='bbox 1194 1103 1355 1157; x_wconf 85' lang='lat' dir='ltr'>meretur</span> <span class='ocrx_word' id='word_1_30' title='bbox 1393 1108 1437 1160; x_wconf 86' lang='lat' dir='ltr'>re·</span> 
     </span>
     <span class='ocr_line' id='line_1_6' title="bbox 235 1172 1436 1277; baseline -0.007 -16"><span class='ocrx_word' id='word_1_31' title='bbox 235 1184 364 1261; x_wconf 89' lang='lat' dir='ltr'>bonius</span> <span class='ocrx_word' id='word_1_32' title='bbox 387 1181 507 1265; x_wconf 84' lang='lat' dir='ltr'>lctus,</span> <span class='ocrx_word' id='word_1_33' title='bbox 542 1174 600 1248; x_wconf 89' lang='lat' dir='ltr'>vir</span> <span class='ocrx_word' id='word_1_34' title='bbox 625 1173 1026 1264; x_wconf 82' lang='lat' dir='ltr'>catholico-Romanus,</span> <span class='ocrx_word' id='word_1_35' title='bbox 1059 1172 1106 1248; x_wconf 90' lang='lat' dir='ltr'>de</span> <span class='ocrx_word' id='word_1_36' title='bbox 1134 1179 1236 1274; x_wconf 71' lang='lat' dir='ltr'>Jlsts</span> <span class='ocrx_word' id='word_1_37' title='bbox 1261 1181 1436 1277; x_wconf 74' lang='lat' dir='ltr'>Ecclefin,</span> 
     </span>
     <span class='ocr_line' id='line_1_7' title="bbox 230 1269 1436 1375; baseline -0.001 -20"><span class='ocrx_word' id='word_1_38' title='bbox 230 1283 290 1355; x_wconf 90' lang='lat' dir='ltr'>sen</span> <span class='ocrx_word' id='word_1_39' title='bbox 310 1280 454 1375; x_wconf 84' lang='lat' dir='ltr'>primata</span> <span class='ocrx_word' id='word_1_40' title='bbox 478 1272 591 1364; x_wconf 83' lang='lat' dir='ltr'>Papae</span> <span class='ocrx_word' id='word_1_41' title='bbox 615 1292 685 1344; x_wconf 89' lang='lat' dir='ltr'>erc.</span> <span class='ocrx_word' id='word_1_42' title='bbox 711 1292 787 1367; x_wconf 84' lang='lat' dir='ltr'>cap.</span> <span class='ocrx_word' id='word_1_43' title='bbox 809 1269 914 1355; x_wconf 85' lang='lat' dir='ltr'>Vll,</span> <span class='ocrx_word' id='word_1_44' title='bbox 939 1273 998 1368; x_wconf 90' lang='lat' dir='ltr'>qui</span> <span class='ocrx_word' id='word_1_45' title='bbox 1017 1270 1124 1344; x_wconf 83' lang='lat' dir='ltr'>etiam</span> <span class='ocrx_word' id='word_1_46' title='bbox 1149 1276 1196 1346; x_wconf 89' lang='lat' dir='ltr'>de</span> <span class='ocrx_word' id='word_1_47' title='bbox 1223 1282 1436 1372; x_wconf 74' lang='lat' dir='ltr'>querelam·</span> 
     </span>
     <span class='ocr_line' id='line_1_8' title="bbox 228 1368 1437 1469; baseline 0.001 -20"><span class='ocrx_word' id='word_1_48' title='bbox 228 1375 369 1451; x_wconf 87' lang='lat' dir='ltr'>tionum</span> <span class='ocrx_word' id='word_1_49' title='bbox 396 1371 497 1465; x_wconf 90' lang='lat' dir='ltr'>super</span> <span class='ocrx_word' id='word_1_50' title='bbox 521 1368 588 1440; x_wconf 88' lang='lat' dir='ltr'>illis</span> <span class='ocrx_word' id='word_1_51' title='bbox 615 1369 779 1441; x_wconf 83' lang='lat' dir='ltr'>nonnulla</span> <span class='ocrx_word' id='word_1_52' title='bbox 805 1369 971 1461; x_wconf 85' lang='lat' dir='ltr'>protulit,</span> <span class='ocrx_word' id='word_1_53' title='bbox 999 1386 1164 1458; x_wconf 71' lang='lat' dir='ltr'>anunm,</span> <span class='ocrx_word' id='word_1_54' title='bbox 1187 1371 1352 1469; x_wconf 81' lang='lat' dir='ltr'>inquam,</span> <span class='ocrx_word' id='word_1_55' title='bbox 1369 1374 1437 1450; x_wconf 85' lang='lat' dir='ltr'>illae</span> 
     </span>
     <span class='ocr_line' id='line_1_9' title="bbox 210 1465 1436 1566; baseline 0.002 -22"><span class='ocrx_word' id='word_1_56' title='bbox 210 1469 406 1566; x_wconf 83' lang='lat' dir='ltr'>originem</span> <span class='ocrx_word' id='word_1_57' title='bbox 440 1487 460 1538; x_wconf 89' lang='lat' dir='ltr'>a</span> <span class='ocrx_word' id='word_1_58' title='bbox 492 1465 675 1536; x_wconf 76' lang='lat' dir='ltr'>muneribus</span> <span class='ocrx_word' id='word_1_59' title='bbox 708 1478 896 1558; x_wconf 84' lang='lat' dir='ltr'>repetunt,</span> <span class='ocrx_word' id='word_1_60' title='bbox 930 1485 1017 1561; x_wconf 80' lang='lat' dir='ltr'>quae</span> <span class='ocrx_word' id='word_1_61' title='bbox 1040 1483 1106 1557; x_wconf 86' lang='lat' dir='ltr'>pro</span> <span class='ocrx_word' id='word_1_62' title='bbox 1130 1465 1384 1543; x_wconf 80' lang='lat' dir='ltr'>conttnuuone</span> <span class='ocrx_word' id='word_1_63' title='bbox 1404 1490 1436 1547; x_wconf 86' lang='lat' dir='ltr'>er</span> 
     </span>
     <span class='ocr_line' id='line_1_10' title="bbox 232 1557 1436 1656; baseline 0.002 -18"><span class='ocrx_word' id='word_1_64' title='bbox 232 1564 456 1638; x_wconf 87' lang='lat' dir='ltr'>ordinatione</span> <span class='ocrx_word' id='word_1_65' title='bbox 487 1559 572 1634; x_wconf 93' lang='lat' dir='ltr'>olim</span> <span class='ocrx_word' id='word_1_66' title='bbox 607 1557 695 1632; x_wconf 91' lang='lat' dir='ltr'>solvi</span> <span class='ocrx_word' id='word_1_67' title='bbox 720 1557 894 1646; x_wconf 83' lang='lat' dir='ltr'>solebant,</span> <span class='ocrx_word' id='word_1_68' title='bbox 920 1559 1106 1632; x_wconf 82' lang='lat' dir='ltr'>secundun</span> <span class='ocrx_word' id='word_1_69' title='bbox 1132 1563 1436 1656; x_wconf 72' lang='lat' dir='ltr'>quundtatemre·</span> 
     </span>
     <span class='ocr_line' id='line_1_11' title="bbox 63 1653 1435 1749; baseline 0.001 -14"><span class='ocrx_word' id='word_1_70' title='bbox 63 1730 65 1735; x_wconf 81' lang='grc'>,</span> <span class='ocrx_word' id='word_1_71' title='bbox 97 1744 99 1749; x_wconf 51' lang='grc'><strong>,</strong></span> <span class='ocrx_word' id='word_1_72' title='bbox 230 1663 366 1733; x_wconf 87' lang='lat' dir='ltr'>dituurn</span> <span class='ocrx_word' id='word_1_73' title='bbox 393 1655 667 1731; x_wconf 79' lang='lat' dir='ltr'>beneficiorum:</span> <span class='ocrx_word' id='word_1_74' title='bbox 691 1653 790 1749; x_wconf 87' lang='lat' dir='ltr'>cujus</span> <span class='ocrx_word' id='word_1_75' title='bbox 817 1653 1081 1727; x_wconf 73' lang='lat' dir='ltr'>consuetudinis</span> <span class='ocrx_word' id='word_1_76' title='bbox 1107 1655 1242 1732; x_wconf 85' lang='lat' dir='ltr'>indicia</span> <span class='ocrx_word' id='word_1_77' title='bbox 1269 1680 1308 1733; x_wconf 86' lang='lat' dir='ltr'>et</span> <span class='ocrx_word' id='word_1_78' title='bbox 1330 1684 1435 1736; x_wconf 83' lang='lat' dir='ltr'>exem·</span> 
     </span>
     <span class='ocr_line' id='line_1_12' title="bbox 231 1747 1434 1855; baseline 0.001 -26"><span class='ocrx_word' id='word_1_79' title='bbox 231 1762 290 1855; x_wconf 87' lang='lat' dir='ltr'>pla</span> <span class='ocrx_word' id='word_1_80' title='bbox 310 1757 382 1852; x_wconf 83' lang='lat' dir='ltr'>jam</span> <span class='ocrx_word' id='word_1_81' title='bbox 416 1750 499 1851; x_wconf 82' lang='lat' dir='ltr'>olim</span> <span class='ocrx_word' id='word_1_82' title='bbox 526 1752 670 1824; x_wconf 85' lang='lat' dir='ltr'>luerunt</span> <span class='ocrx_word' id='word_1_83' title='bbox 696 1749 811 1822; x_wconf 92' lang='lat' dir='ltr'>seculo</span> <span class='ocrx_word' id='word_1_84' title='bbox 836 1749 885 1823; x_wconf 91' lang='lat' dir='ltr'>V.</span> <span class='ocrx_word' id='word_1_85' title='bbox 911 1769 947 1823; x_wconf 87' lang='lat' dir='ltr'>ct</span> <span class='ocrx_word' id='word_1_86' title='bbox 974 1748 1041 1824; x_wconf 88' lang='lat' dir='ltr'>Vl.</span> <span class='ocrx_word' id='word_1_87' title='bbox 1067 1747 1135 1846; x_wconf 87' lang='lat' dir='ltr'>lpsr</span> <span class='ocrx_word' id='word_1_88' title='bbox 1160 1753 1276 1848; x_wconf 81' lang='lat' dir='ltr'>Papae</span> <span class='ocrx_word' id='word_1_89' title='bbox 1301 1757 1434 1854; x_wconf 74' lang='lat' dir='ltr'>ejusnm</span> 
     </span>
     <span class='ocr_line' id='line_1_13' title="bbox 148 1846 1438 1944; baseline 0.002 -18"><span class='ocrx_word' id='word_1_90' title='bbox 148 1927 151 1933; x_wconf 79' lang='grc'><em>,</em></span> <span class='ocrx_word' id='word_1_91' title='bbox 231 1854 270 1926; x_wconf 94' lang='lat' dir='ltr'>di</span> <span class='ocrx_word' id='word_1_92' title='bbox 306 1846 456 1936; x_wconf 87' lang='lat' dir='ltr'>tributi,</span> <span class='ocrx_word' id='word_1_93' title='bbox 492 1847 547 1920; x_wconf 88' lang='lat' dir='ltr'>vel</span> <span class='ocrx_word' id='word_1_94' title='bbox 581 1846 763 1932; x_wconf 74' lang='lat' dir='ltr'>bonnarii,</span> <span class='ocrx_word' id='word_1_95' title='bbox 788 1864 898 1938; x_wconf 86' lang='lat' dir='ltr'>genus</span> <span class='ocrx_word' id='word_1_96' title='bbox 926 1865 1135 1942; x_wconf 87' lang='lat' dir='ltr'>receperunt</span> <span class='ocrx_word' id='word_1_97' title='bbox 1162 1868 1230 1944; x_wconf 93' lang='lat' dir='ltr'>pro</span> <span class='ocrx_word' id='word_1_98' title='bbox 1263 1853 1438 1930; x_wconf 79' lang='lat' dir='ltr'>collatione</span> 
     </span>
     <span class='ocr_line' id='line_1_14' title="bbox 232 1938 1435 2037; baseline -0.001 -14"><span class='ocrx_word' id='word_1_99' title='bbox 232 1969 271 2024; x_wconf 89' lang='lat' dir='ltr'>et</span> <span class='ocrx_word' id='word_1_100' title='bbox 305 1941 525 2021; x_wconf 89' lang='lat' dir='ltr'>ordinatione</span> <span class='ocrx_word' id='word_1_101' title='bbox 554 1962 694 2029; x_wconf 89' lang='lat' dir='ltr'>eorum,</span> <span class='ocrx_word' id='word_1_102' title='bbox 729 1938 796 2037; x_wconf 84' lang='lat' dir='ltr'>qui</span> <span class='ocrx_word' id='word_1_103' title='bbox 820 1940 957 2014; x_wconf 86' lang='lat' dir='ltr'>Romae</span> <span class='ocrx_word' id='word_1_104' title='bbox 989 1943 1309 2035; x_wconf 76' lang='lat' dir='ltr'>consecrabantur3</span> <span class='ocrx_word' id='word_1_105' title='bbox 1341 1970 1375 2022; x_wconf 89' lang='lat' dir='ltr'>ur</span> <span class='ocrx_word' id='word_1_106' title='bbox 1399 1973 1435 2027; x_wconf 85' lang='lat' dir='ltr'>rr</span> 
     </span>
     <span class='ocr_line' id='line_1_15' title="bbox 229 2034 1434 2142; baseline -0.002 -20"><span class='ocrx_word' id='word_1_107' title='bbox 229 2049 310 2122; x_wconf 79' lang='lat' dir='ltr'>ritis</span> <span class='ocrx_word' id='word_1_108' title='bbox 344 2039 573 2125; x_wconf 84' lang='lat' dir='ltr'>Pontificum,</span> <span class='ocrx_word' id='word_1_109' title='bbox 608 2042 699 2133; x_wconf 84' lang='lat' dir='ltr'>quae</span> <span class='ocrx_word' id='word_1_110' title='bbox 720 2034 872 2108; x_wconf 85' lang='lat' dir='ltr'>Damaso</span> <span class='ocrx_word' id='word_1_111' title='bbox 899 2039 1011 2132; x_wconf 84' lang='lat' dir='ltr'>Papae</span> <span class='ocrx_word' id='word_1_112' title='bbox 1037 2036 1144 2109; x_wconf 87' lang='lat' dir='ltr'>tribui</span> <span class='ocrx_word' id='word_1_113' title='bbox 1171 2040 1307 2132; x_wconf 85' lang='lat' dir='ltr'>solent,</span> <span class='ocrx_word' id='word_1_114' title='bbox 1339 2065 1434 2142; x_wconf 74' lang='lat' dir='ltr'>patet</span> 
     </span>
     <span class='ocr_line' id='line_1_16' title="bbox 231 2130 1434 2229; baseline -0.002 -13"><span class='ocrx_word' id='word_1_115' title='bbox 231 2137 402 2217; x_wconf 84' lang='lat' dir='ltr'>Meminit</span> <span class='ocrx_word' id='word_1_116' title='bbox 433 2138 539 2208; x_wconf 85' lang='lat' dir='ltr'>etiam</span> <span class='ocrx_word' id='word_1_117' title='bbox 574 2133 648 2229; x_wconf 81' lang='lat' dir='ltr'>ejus</span> <span class='ocrx_word' id='word_1_118' title='bbox 681 2130 874 2206; x_wconf 84' lang='lat' dir='ltr'>Gulielmua</span> <span class='ocrx_word' id='word_1_119' title='bbox 903 2131 1087 2204; x_wconf 84' lang='lat' dir='ltr'>Durandus</span> <span class='ocrx_word' id='word_1_120' title='bbox 1112 2130 1149 2204; x_wconf 90' lang='lat' dir='ltr'>in</span> <span class='ocrx_word' id='word_1_121' title='bbox 1172 2135 1265 2209; x_wconf 90' lang='lat' dir='ltr'>libro</span> <span class='ocrx_word' id='word_1_122' title='bbox 1293 2139 1339 2212; x_wconf 87' lang='lat' dir='ltr'>de</span> <span class='ocrx_word' id='word_1_123' title='bbox 1361 2144 1434 2214; x_wconf 76' lang='lat' dir='ltr'>nodo</span> 
     </span>
     <span class='ocr_line' id='line_1_17' title="bbox 233 2226 1436 2324; baseline -0.012 -15"><span class='ocrx_word' id='word_1_124' title='bbox 233 2238 358 2314; x_wconf 82' lang='lat' dir='ltr'>concilii</span> <span class='ocrx_word' id='word_1_125' title='bbox 385 2232 553 2306; x_wconf 79' lang='lat' dir='ltr'><em>Generalis</em></span> <span class='ocrx_word' id='word_1_126' title='bbox 577 2228 780 2315; x_wconf 81' lang='lat' dir='ltr'>celebrandi,</span> <span class='ocrx_word' id='word_1_127' title='bbox 815 2226 919 2322; x_wconf 87' lang='lat' dir='ltr'>paulo</span> <span class='ocrx_word' id='word_1_128' title='bbox 944 2245 1024 2302; x_wconf 89' lang='lat' dir='ltr'>ante</span> <span class='ocrx_word' id='word_1_129' title='bbox 1051 2230 1232 2324; x_wconf 86' lang='lat' dir='ltr'>Synodum</span> <span class='ocrx_word' id='word_1_130' title='bbox 1265 2233 1436 2310; x_wconf 86' lang='lat' dir='ltr'>Viennen.</span> 
     </span>
     <span class='ocr_line' id='line_1_18' title="bbox 232 2325 1432 2418; baseline -0.001 -10"><span class='ocrx_word' id='word_1_131' title='bbox 232 2334 304 2409; x_wconf 89' lang='lat' dir='ltr'>sem</span> <span class='ocrx_word' id='word_1_132' title='bbox 341 2331 408 2405; x_wconf 90' lang='lat' dir='ltr'>sec.</span> <span class='ocrx_word' id='word_1_133' title='bbox 442 2328 544 2400; x_wconf 87' lang='lat' dir='ltr'>XlV.</span> <span class='ocrx_word' id='word_1_134' title='bbox 578 2326 686 2398; x_wconf 86' lang='lat' dir='ltr'>edito.</span> <span class='ocrx_word' id='word_1_135' title='bbox 735 2325 822 2397; x_wconf 86' lang='lat' dir='ltr'>eun</span> <span class='ocrx_word' id='word_1_136' title='bbox 850 2342 963 2395; x_wconf 87' lang='lat' dir='ltr'>autem</span> <span class='ocrx_word' id='word_1_137' title='bbox 991 2343 1150 2418; x_wconf 87' lang='lat' dir='ltr'>tempore</span> <span class='ocrx_word' id='word_1_138' title='bbox 1181 2329 1358 2405; x_wconf 87' lang='lat' dir='ltr'>Bonisacii</span> <span class='ocrx_word' id='word_1_139' title='bbox 1381 2333 1432 2407; x_wconf 78' lang='lat' dir='ltr'>IX.</span> 
     </span>
     <span class='ocr_line' id='line_1_19' title="bbox 231 2416 1437 2525; baseline 0.002 -25"><span class='ocrx_word' id='word_1_140' title='bbox 231 2428 370 2525; x_wconf 80' lang='lat' dir='ltr'>quaevis</span> <span class='ocrx_word' id='word_1_141' title='bbox 395 2419 471 2494; x_wconf 85' lang='lat' dir='ltr'>sere</span> <span class='ocrx_word' id='word_1_142' title='bbox 507 2419 674 2493; x_wconf 86' lang='lat' dir='ltr'>beneficia</span> <span class='ocrx_word' id='word_1_143' title='bbox 697 2416 850 2491; x_wconf 85' lang='lat' dir='ltr'>conferri</span> <span class='ocrx_word' id='word_1_144' title='bbox 879 2417 1084 2492; x_wconf 86' lang='lat' dir='ltr'>solerent·a</span> <span class='ocrx_word' id='word_1_145' title='bbox 1107 2422 1228 2515; x_wconf 87' lang='lat' dir='ltr'>Papis,</span> <span class='ocrx_word' id='word_1_146' title='bbox 1262 2427 1437 2524; x_wconf 85' lang='lat' dir='ltr'>omnesque</span> 
     </span>
     <span class='ocr_line' id='line_1_20' title="bbox 230 2511 1431 2620; baseline 0.002 -28"><span class='ocrx_word' id='word_1_147' title='bbox 230 2539 425 2620; x_wconf 87' lang='lat' dir='ltr'>propterea</span> <span class='ocrx_word' id='word_1_148' title='bbox 441 2516 644 2589; x_wconf 71' lang='lat' dir='ltr'>collationes</span> <span class='ocrx_word' id='word_1_149' title='bbox 662 2515 810 2588; x_wconf 87' lang='lat' dir='ltr'>Romam</span> <span class='ocrx_word' id='word_1_150' title='bbox 827 2511 939 2586; x_wconf 82' lang='lat' dir='ltr'>essent</span> <span class='ocrx_word' id='word_1_151' title='bbox 957 2513 1100 2603; x_wconf 75' lang='lat' dir='ltr'>stadiae,</span> <span class='ocrx_word' id='word_1_152' title='bbox 1125 2518 1219 2610; x_wconf 86' lang='lat' dir='ltr'>ipse,</span> <span class='ocrx_word' id='word_1_153' title='bbox 1246 2527 1431 2620; x_wconf 83' lang='lat' dir='ltr'>exemplum</span> 
     </span>
     <span class='ocr_line' id='line_1_21' title="bbox 230 2608 1434 2707; baseline 0.002 -16"><span class='ocrx_word' id='word_1_154' title='bbox 230 2639 354 2692; x_wconf 83' lang='lat' dir='ltr'>vetere</span> <span class='ocrx_word' id='word_1_155' title='bbox 388 2613 439 2684; x_wconf 87' lang='lat' dir='ltr'>illa</span> <span class='ocrx_word' id='word_1_156' title='bbox 469 2608 719 2683; x_wconf 90' lang='lat' dir='ltr'>consuetudine</span> <span class='ocrx_word' id='word_1_157' title='bbox 744 2612 958 2707; x_wconf 84' lang='lat' dir='ltr'>praebente,</span> <span class='ocrx_word' id='word_1_158' title='bbox 990 2629 1130 2684; x_wconf 78' lang='lat' dir='ltr'>annates</span> <span class='ocrx_word' id='word_1_159' title='bbox 1163 2611 1201 2686; x_wconf 90' lang='lat' dir='ltr'>in</span> <span class='ocrx_word' id='word_1_160' title='bbox 1236 2637 1365 2691; x_wconf 81' lang='lat' dir='ltr'>noram</span> <span class='ocrx_word' id='word_1_161' title='bbox 1388 2639 1434 2693; x_wconf 87' lang='lat' dir='ltr'>re·</span> 
     </span>
     <span class='ocr_line' id='line_1_22' title="bbox 232 2703 1435 2810; baseline 0.002 -23"><span class='ocrx_word' id='word_1_162' title='bbox 232 2712 333 2810; x_wconf 87' lang='lat' dir='ltr'>degit</span> <span class='ocrx_word' id='word_1_163' title='bbox 367 2707 516 2782; x_wconf 87' lang='lat' dir='ltr'>sormam</span> <span class='ocrx_word' id='word_1_164' title='bbox 551 2727 581 2779; x_wconf 85' lang='lat' dir='ltr'>a.</span> <span class='ocrx_word' id='word_1_165' title='bbox 611 2727 738 2800; x_wconf 71' lang='lat'><strong>¹30²·2</strong></span> <span class='ocrx_word' id='word_1_166' title='bbox 772 2703 1009 2794; x_wconf 86' lang='lat' dir='ltr'>constituens,</span> <span class='ocrx_word' id='word_1_167' title='bbox 1043 2707 1163 2801; x_wconf 87' lang='lat' dir='ltr'>utqui</span> <span class='ocrx_word' id='word_1_168' title='bbox 1189 2710 1435 2790; x_wconf 79' lang='lat' dir='ltr'>beneficiatus</span> 
     </span>
     <span class='ocr_line' id='line_1_23' title="bbox 229 2799 1435 2907; baseline 0.003 -24"><span class='ocrx_word' id='word_1_169' title='bbox 229 2809 324 2907; x_wconf 84' lang='lat' dir='ltr'>Papa</span> <span class='ocrx_word' id='word_1_170' title='bbox 351 2804 668 2895; x_wconf 86' lang='lat' dir='ltr'>consequerentur,</span> <span class='ocrx_word' id='word_1_171' title='bbox 703 2799 883 2874; x_wconf 90' lang='lat' dir='ltr'>dimidium</span> <span class='ocrx_word' id='word_1_172' title='bbox 916 2799 1021 2874; x_wconf 88' lang='lat' dir='ltr'>annui</span> <span class='ocrx_word' id='word_1_173' title='bbox 1046 2822 1240 2897; x_wconf 84' lang='lat' dir='ltr'>proventus</span> <span class='ocrx_word' id='word_1_174' title='bbox 1268 2812 1435 2905; x_wconf 89' lang='lat' dir='ltr'>persolve·</span> 
     </span>
     <span class='ocr_line' id='line_1_24' title="bbox 228 2894 1433 3007; baseline -0.002 -28"><span class='ocrx_word' id='word_1_175' title='bbox 228 2924 308 2979; x_wconf 90' lang='lat' dir='ltr'>rent</span> <span class='ocrx_word' id='word_1_176' title='bbox 340 2899 427 2975; x_wconf 87' lang='lat' dir='ltr'>sisco</span> <span class='ocrx_word' id='word_1_177' title='bbox 455 2895 678 2992; x_wconf 85' lang='lat' dir='ltr'>Apostolicor</span> <span class='ocrx_word' id='word_1_178' title='bbox 710 2919 817 3007; x_wconf 77' lang='lat' dir='ltr'>quare</span> <span class='ocrx_word' id='word_1_179' title='bbox 849 2895 908 2969; x_wconf 90' lang='lat' dir='ltr'>ille</span> <span class='ocrx_word' id='word_1_180' title='bbox 931 2894 1062 2993; x_wconf 86' lang='lat' dir='ltr'>primus</span> <span class='ocrx_word' id='word_1_181' title='bbox 1091 2920 1112 2971; x_wconf 87' lang='lat' dir='ltr'>a</span> <span class='ocrx_word' id='word_1_182' title='bbox 1145 2899 1281 2976; x_wconf 86' lang='lat' dir='ltr'>Platina</span> <span class='ocrx_word' id='word_1_183' title='bbox 1315 2906 1433 2982; x_wconf 85' lang='lat' dir='ltr'>dicitur</span> 
     </span>
     <span class='ocr_line' id='line_1_25' title="bbox 228 2990 1433 3094; baseline 0 -17"><span class='ocrx_word' id='word_1_184' title='bbox 228 3014 432 3076; x_wconf 87' lang='lat' dir='ltr'>annatarum</span> <span class='ocrx_word' id='word_1_185' title='bbox 463 2993 560 3067; x_wconf 88' lang='lat' dir='ltr'>usum</span> <span class='ocrx_word' id='word_1_186' title='bbox 592 2991 784 3090; x_wconf 80' lang='lat' dir='ltr'>inposuisse</span> <span class='ocrx_word' id='word_1_187' title='bbox 812 2990 988 3066; x_wconf 86' lang='lat' dir='ltr'>beneficiis</span> <span class='ocrx_word' id='word_1_188' title='bbox 1020 2991 1297 3090; x_wconf 81' lang='lat' dir='ltr'>Ecclesiasticis3</span> <span class='ocrx_word' id='word_1_189' title='bbox 1328 3003 1433 3094; x_wconf 81' lang='lat' dir='ltr'>addit,</span> 
     </span>
     <span class='ocr_line' id='line_1_26' title="bbox 230 3085 1431 3202; baseline 0.002 -35"><span class='ocrx_word' id='word_1_190' title='bbox 230 3095 323 3171; x_wconf 84' lang='lat' dir='ltr'>hanc</span> <span class='ocrx_word' id='word_1_191' title='bbox 354 3085 640 3165; x_wconf 84' lang='lat' dir='ltr'>consuetudinem</span> <span class='ocrx_word' id='word_1_192' title='bbox 670 3109 795 3161; x_wconf 85' lang='lat' dir='ltr'>omnes</span> <span class='ocrx_word' id='word_1_193' title='bbox 827 3087 998 3184; x_wconf 78' lang='lat' dir='ltr'>recepisse</span> <span class='ocrx_word' id='word_1_194' title='bbox 1029 3105 1167 3183; x_wconf 83' lang='lat' dir='ltr'>praeter</span> <span class='ocrx_word' id='word_1_195' title='bbox 1196 3092 1354 3191; x_wconf 82' lang='lat' dir='ltr'>Anglos,</span> <span class='ocrx_word' id='word_1_196' title='bbox 1379 3099 1431 3202; x_wconf 85' lang='lat' dir='ltr'>qui</span> 
     </span>
     <span class='ocr_line' id='line_1_27' title="bbox 229 3181 1433 3285; baseline -0.002 -20"><span class='ocrx_word' id='word_1_197' title='bbox 229 3190 273 3265; x_wconf 88' lang='lat' dir='ltr'>ad</span> <span class='ocrx_word' id='word_1_198' title='bbox 298 3187 526 3285; x_wconf 79' lang='lat' dir='ltr'>Episcopatus</span> <span class='ocrx_word' id='word_1_199' title='bbox 549 3181 812 3258; x_wconf 83' lang='lat' dir='ltr'>restrinxerunt.</span> <span class='ocrx_word' id='word_1_200' title='bbox 865 3182 1026 3283; x_wconf 80' lang='lat' dir='ltr'>Quantae</span> <span class='ocrx_word' id='word_1_201' title='bbox 1047 3207 1135 3278; x_wconf 90' lang='lat' dir='ltr'>opes</span> <span class='ocrx_word' id='word_1_202' title='bbox 1156 3187 1223 3261; x_wconf 88' lang='lat' dir='ltr'>hac</span> <span class='ocrx_word' id='word_1_203' title='bbox 1246 3193 1433 3275; x_wconf 78' lang='lat' dir='ltr'>rationein</span> 
     </span>
     <span class='ocr_line' id='line_1_28' title="bbox 235 3278 1217 3376; baseline -0.004 -13"><span class='ocrx_word' id='word_1_204' title='bbox 235 3285 358 3365; x_wconf 79' lang='lat' dir='ltr'>fiscum</span> <span class='ocrx_word' id='word_1_205' title='bbox 383 3278 628 3376; x_wconf 77' lang='lat' dir='ltr'>Apostolicurn</span> <span class='ocrx_word' id='word_1_206' title='bbox 650 3278 909 3369; x_wconf 80' lang='lat' dir='ltr'>confluxerint,</span> <span class='ocrx_word' id='word_1_207' title='bbox 934 3278 1037 3353; x_wconf 87' lang='lat' dir='ltr'>facile</span> <span class='ocrx_word' id='word_1_208' title='bbox 1059 3278 1217 3376; x_wconf 85' lang='lat' dir='ltr'>patescit.</span> 
     </span>
     <span class='ocr_line' id='line_1_29' title="bbox 236 3374 1434 3482; baseline 0.008 -29"><span class='ocrx_word' id='word_1_209' title='bbox 236 3398 241 3407; x_wconf 89' lang='lat'>·</span> <span class='ocrx_word' id='word_1_210' title='bbox 279 3380 307 3482; x_wconf 60' lang='lat' dir='ltr'>s</span> <span class='ocrx_word' id='word_1_211' title='bbox 335 3377 537 3453; x_wconf 84' lang='lat' dir='ltr'><strong>CCOCLV.</strong></span> <span class='ocrx_word' id='word_1_212' title='bbox 569 3375 628 3450; x_wconf 90' lang='lat' dir='ltr'>De</span> <span class='ocrx_word' id='word_1_213' title='bbox 660 3374 716 3448; x_wconf 80' lang='lat' dir='ltr'>liis</span> <span class='ocrx_word' id='word_1_214' title='bbox 746 3374 898 3464; x_wconf 79' lang='lat' dir='ltr'>sanatis,</span> <span class='ocrx_word' id='word_1_215' title='bbox 933 3391 970 3448; x_wconf 88' lang='lat' dir='ltr'>ut</span> <span class='ocrx_word' id='word_1_216' title='bbox 1000 3392 1038 3447; x_wconf 85' lang='lat' dir='ltr'>et</span> <span class='ocrx_word' id='word_1_217' title='bbox 1071 3376 1115 3450; x_wconf 88' lang='lat' dir='ltr'>de</span> <span class='ocrx_word' id='word_1_218' title='bbox 1147 3378 1434 3462; x_wconf 80' lang='lat' dir='ltr'>reservationibur</span> 
     </span>
     <span class='ocr_line' id='line_1_30' title="bbox 231 3467 1433 3568; baseline 0.002 -14"><span class='ocrx_word' id='word_1_219' title='bbox 231 3475 408 3568; x_wconf 66' lang='lat' dir='ltr'>mulinum</span> <span class='ocrx_word' id='word_1_220' title='bbox 443 3471 602 3548; x_wconf 83' lang='lat' dir='ltr'>vacantis</span> <span class='ocrx_word' id='word_1_221' title='bbox 627 3468 813 3558; x_wconf 86' lang='lat' dir='ltr'>beneficii,</span> <span class='ocrx_word' id='word_1_222' title='bbox 840 3470 981 3567; x_wconf 89' lang='lat' dir='ltr'>aliisque</span> <span class='ocrx_word' id='word_1_223' title='bbox 1004 3467 1170 3548; x_wconf 80' lang='lat' dir='ltr'>similibus</span> <span class='ocrx_word' id='word_1_224' title='bbox 1194 3481 1307 3551; x_wconf 83' lang='lat' dir='ltr'>rebus</span> <span class='ocrx_word' id='word_1_225' title='bbox 1324 3481 1433 3556; x_wconf 62' lang='lat' dir='ltr'>adun</span> 
     </span>
     <span class='ocr_line' id='line_1_31' title="bbox 228 3564 1433 3664; baseline 0.006 -19"><span class='ocrx_word' id='word_1_226' title='bbox 228 3571 303 3664; x_wconf 84' lang='lat' dir='ltr'>est,</span> <span class='ocrx_word' id='word_1_227' title='bbox 337 3590 395 3646; x_wconf 89' lang='lat' dir='ltr'>ran</span> <span class='ocrx_word' id='word_1_228' title='bbox 421 3591 498 3643; x_wconf 87' lang='lat' dir='ltr'>uam</span> <span class='ocrx_word' id='word_1_229' title='bbox 527 3568 573 3642; x_wconf 90' lang='lat' dir='ltr'>de</span> <span class='ocrx_word' id='word_1_230' title='bbox 605 3565 718 3664; x_wconf 87' lang='lat' dir='ltr'>capite</span> <span class='ocrx_word' id='word_1_231' title='bbox 750 3564 995 3654; x_wconf 85' lang='lat' dir='ltr'>reformando,</span> <span class='ocrx_word' id='word_1_232' title='bbox 1027 3565 1064 3640; x_wconf 91' lang='lat' dir='ltr'>in</span> <span class='ocrx_word' id='word_1_233' title='bbox 1090 3570 1248 3646; x_wconf 88' lang='lat' dir='ltr'>concilio</span> <span class='ocrx_word' id='word_1_234' title='bbox 1273 3576 1433 3652; x_wconf 72' lang='lat' dir='ltr'>ennean</span> 
     </span>
     <span class='ocr_line' id='line_1_32' title="bbox 230 3592 1434 3771; baseline 0.001 -24"><span class='ocrx_word' id='word_1_235' title='bbox 230 3663 354 3755; x_wconf 84' lang='lat' dir='ltr'>ticnli3</span> <span class='ocrx_word' id='word_1_236' title='bbox 380 3592 431 3740; x_wconf 56' lang='lat' dir='ltr'>ei</span> <span class='ocrx_word' id='word_1_237' title='bbox 457 3683 573 3738; x_wconf 88' lang='lat' dir='ltr'>aurem</span> <span class='ocrx_word' id='word_1_238' title='bbox 594 3662 642 3737; x_wconf 91' lang='lat' dir='ltr'>de</span> <span class='ocrx_word' id='word_1_239' title='bbox 663 3663 799 3771; x_wconf 70' lang='lat' dir='ltr'>mauris</span> <span class='ocrx_word' id='word_1_240' title='bbox 821 3658 950 3735; x_wconf 87' lang='lat' dir='ltr'>acriter</span> <span class='ocrx_word' id='word_1_241' title='bbox 965 3658 1195 3759; x_wconf 88' lang='lat' dir='ltr'>disputatum,</span> <span class='ocrx_word' id='word_1_242' title='bbox 1217 3668 1307 3743; x_wconf 83' lang='lat' dir='ltr'>dum</span> <span class='ocrx_word' id='word_1_243' title='bbox 1322 3693 1434 3747; x_wconf 78' lang='lat' dir='ltr'>aarum</span> 
     </span>
     <span class='ocr_line' id='line_1_33' title="bbox 228 3756 1432 3863; baseline -0.001 -22"><span class='ocrx_word' id='word_1_244' title='bbox 228 3761 455 3846; x_wconf 70' lang='lat' dir='ltr'>abolitionem</span> <span class='ocrx_word' id='word_1_245' title='bbox 483 3779 652 3853; x_wconf 58' lang='lat' dir='ltr'>urgerent&gt;</span> <span class='ocrx_word' id='word_1_246' title='bbox 674 3756 861 3847; x_wconf 71' lang='lat' dir='ltr'>Gallicani,</span> <span class='ocrx_word' id='word_1_247' title='bbox 885 3757 1082 3832; x_wconf 84' lang='lat' dir='ltr'>Cardinalcs</span> <span class='ocrx_word' id='word_1_248' title='bbox 1106 3782 1193 3835; x_wconf 84' lang='lat' dir='ltr'>vero</span> <span class='ocrx_word' id='word_1_249' title='bbox 1217 3762 1254 3835; x_wconf 79' lang='lat' dir='ltr'>fe</span> <span class='ocrx_word' id='word_1_250' title='bbox 1282 3788 1432 3863; x_wconf 83' lang='lat' dir='ltr'>oppone·</span> 
     </span>
     <span class='ocr_line' id='line_1_34' title="bbox 229 3849 1434 4024; baseline -0.006 -84"><span class='ocrx_word' id='word_1_251' title='bbox 229 3882 330 3940; x_wconf 83' lang='lat' dir='ltr'>rent:</span> <span class='ocrx_word' id='word_1_252' title='bbox 363 3875 401 3932; x_wconf 85' lang='lat' dir='ltr'>et</span> <span class='ocrx_word' id='word_1_253' title='bbox 431 3853 681 3951; x_wconf 81' lang='lat' dir='ltr'>Resersrrioner</span> <span class='ocrx_word' id='word_1_254' title='bbox 710 3855 854 4024; x_wconf 63' lang='lat' dir='ltr'>puidem</span> <span class='ocrx_word' id='word_1_255' title='bbox 887 3849 964 3927; x_wconf 88' lang='lat' dir='ltr'>sunt</span> <span class='ocrx_word' id='word_1_256' title='bbox 985 3874 1005 3926; x_wconf 86' lang='lat' dir='ltr'>a</span> <span class='ocrx_word' id='word_1_257' title='bbox 1028 3853 1179 3931; x_wconf 91' lang='lat' dir='ltr'>concilio</span> <span class='ocrx_word' id='word_1_258' title='bbox 1207 3866 1434 3957; x_wconf 80' lang='lat' dir='ltr'>reprobatae,</span> 
     </span>
     <span class='ocr_line' id='line_1_35' title="bbox 226 3948 1437 4047; baseline 0.002 -12"><span class='ocrx_word' id='word_1_259' title='bbox 226 3961 288 4040; x_wconf 88' lang='lat' dir='ltr'>sed</span> <span class='ocrx_word' id='word_1_260' title='bbox 320 3955 365 4030; x_wconf 89' lang='lat' dir='ltr'>de</span> <span class='ocrx_word' id='word_1_261' title='bbox 397 3951 544 4028; x_wconf 78' lang='lat' dir='ltr'>Atinatis</span> <span class='ocrx_word' id='word_1_262' title='bbox 574 3952 707 4028; x_wconf 88' lang='lat' dir='ltr'>nihile</span> <span class='ocrx_word' id='word_1_263' title='bbox 764 3948 973 4024; x_wconf 89' lang='lat' dir='ltr'>conclusum.</span> <span class='ocrx_word' id='word_1_264' title='bbox 1022 3949 1152 4026; x_wconf 80' lang='lat' dir='ltr'>Eadem</span> <span class='ocrx_word' id='word_1_265' title='bbox 1176 3958 1379 4047; x_wconf 86' lang='lat' dir='ltr'>quaestione</span> <span class='ocrx_word' id='word_1_266' title='bbox 1400 3961 1437 4037; x_wconf 86' lang='lat' dir='ltr'>ia</span> 
     </span>
     <span class='ocr_line' id='line_1_36' title="bbox 222 4043 1441 4228; baseline -0.01 -84"><span class='ocrx_word' id='word_1_267' title='bbox 222 4051 401 4156; x_wconf 68' lang='lat' dir='ltr'>toscffio&#39;</span> <span class='ocrx_word' id='word_1_268' title='bbox 416 4047 606 4137; x_wconf 67' lang='lat' dir='ltr'>maone</span> <span class='ocrx_word' id='word_1_269' title='bbox 640 4047 791 4153; x_wconf 73' lang='lat' dir='ltr'>agiae,</span> <span class='ocrx_word' id='word_1_270' title='bbox 822 4045 1007 4161; x_wconf 71' lang='lat' dir='ltr'>dsuetum</span> <span class='ocrx_word' id='word_1_271' title='bbox 1037 4043 1092 4126; x_wconf 78' lang='lat' dir='ltr'>est</span> <span class='ocrx_word' id='word_1_272' title='bbox 1116 4046 1270 4135; x_wconf 73' lang='lat' dir='ltr'>lesione</span> <span class='ocrx_word' id='word_1_273' title='bbox 1294 4055 1441 4228; x_wconf 44' lang='lat' dir='ltr'>xpi?</span> 
     </span>
     <span class='ocr_line' id='line_1_37' title="bbox 228 4178 1446 4248; baseline 0.001 -33"><span class='ocrx_word' id='word_1_274' title='bbox 228 4181 244 4215; x_wconf 76' lang='lat' dir='ltr'>st</span> <span class='ocrx_word' id='word_1_275' title='bbox 401 4208 406 4221; x_wconf 83' lang='grc'><strong>,</strong></span> <span class='ocrx_word' id='word_1_276' title='bbox 774 4178 784 4203; x_wconf 81' lang='lat'>=·</span> <span class='ocrx_word' id='word_1_277' title='bbox 830 4185 909 4205; x_wconf 89' lang='lat'>····</span> <span class='ocrx_word' id='word_1_278' title='bbox 1113 4230 1115 4235; x_wconf 11' lang='grc' dir='ltr'>ἱ</span> <span class='ocrx_word' id='word_1_279' title='bbox 1428 4202 1446 4248; x_wconf 59' lang='grc'><strong>.</strong></span> 
     </span>
    </p>
   </div>
   <div class='ocr_carea' id='block_1_4' title="bbox 0 0 1492 4830">
    <p class='ocr_par' dir='ltr' id='par_1_4' title="bbox 0 0 1492 4830">
     <span class='ocr_line' id='line_1_38' title="bbox 0 0 1492 4830; baseline 0 2"><span class='ocrx_word' id='word_1_280' title='bbox 0 0 1492 4830; x_wconf 95' lang='lat' dir='ltr'> </span> 
     </span>
    </p>
   </div>
  </div>
 </body>
</html>
