3022 4806
127 616 222 717 3²⁶..
512 592 661 691 Historia
682 591 813 695 Eccles.
840 592 959 695 cirisi.

134 790 231 866 dum.
263 776 431 877 Gujncho
445 769 604 847 succeffit
619 773 879 872 MangoClran
891 775 936 850 ab
951 798 984 851 a.
1003 794 1110 868 1251.
1132 775 1176 853 ad
1195 799 1228 855 a.
1245 782 1370 855 1260.

160 905 263 969 uem,
296 902 316 949 a
340 876 443 969 Rege
469 867 658 942 Armeniae
685 870 887 961 indubium,
921 894 1054 946 nomen
1079 872 1217 948 Christo
1242 874 1364 949 dedis·

134 909 197 1069 ie,
227 973 339 1048 refert
364 972 549 1067 Aytonus,
591 966 652 1061 qui
683 965 802 1057 addit,
842 988 923 1041 cum
947 991 1013 1057 eo,
1055 989 1191 1065 praeter
1214 968 1363 1042 domum

137 1078 236 1172 eins,
269 1065 370 1142 soille
393 1065 520 1136 multos
546 1062 761 1157 baptizatos,
796 1063 972 1159 utriusque
999 1062 1122 1153 serua,
1162 1067 1301 1139 nubilet
1322 1083 1362 1139 et

139 1174 341 1264 Magnatea.
384 1157 587 1254 Coblajum,
626 1155 769 1265 fratrem
794 1159 889 1325 qjua,
920 1178 958 1232 et
985 1157 1217 1234 succesorem
1248 1162 1292 1233 ab
1329 1182 1360 1234 a.

143 1270 253 1343 1260.
278 1259 376 1330 ada.
406 1275 512 1349 ¹302·
538 1250 772 1327 Christianum
820 1254 921 1345 ursle,
948 1257 1056 1329 tradit
1079 1254 1224 1352 quidem
1245 1256 1358 1330 Nico·

141 1363 214 1438 laur
238 1355 304 1428 lll.
328 1351 476 1446 Papam
502 1344 603 1444 epist.
626 1348 669 1421 ad
701 1371 783 1421 eum
814 1350 905 1446 apud
939 1349 1182 1445 Rayualdum,
1216 1354 1276 1426 sed
1301 1373 1358 1423 ve·

141 1456 214 1530 rius
237 1447 308 1538 est,
351 1467 432 1519 eum
458 1443 635 1518 fautorem
657 1442 759 1518 ruine
783 1442 1079 1538 Christianorum,
1119 1465 1160 1521 ut
1183 1470 1232 1523 ex
1256 1446 1358 1523 Paulo

139 1550 313 1632 Veneto,
338 1560 377 1615 et
394 1537 676 1638 Abulpharagio,
699 1536 850 1615 constat

168 1641 222 1742 -ς,
246 1636 473 1714 CCLXXlll.
498 1636 619 1708 Frater
644 1657 732 1709 vero
755 1634 830 1730 ejur
853 1634 1043 1725 Hrlacltur,
1065 1633 1127 1745 qui
1146 1634 1355 1710 Tararorum

144 1735 404 1814 occidentalium
422 1735 458 1806 in
476 1729 636 1820 Perside,
652 1727 932 1826 Mesopotamia,
950 1751 984 1804 et
1005 1734 1103 1828 Syna
1118 1732 1353 1830 inperatorem

143 1837 218 1934 egit
243 1838 286 1908 ab
308 1857 340 1906 a.
363 1835 471 1919 1256.
497 1825 540 1900 ad
556 1847 589 1898 a.
611 1833 747 1915 1265„
771 1845 830 1914 et,
858 1828 1019 1924 Bagdado
1032 1846 1157 1925 capta,
1181 1825 1351 1903 Saraceni·

145 1955 228 2006 tum
253 1930 305 2003 ibi
332 1923 462 1999 delevit
482 1918 680 2018 inperium,
704 1940 849 1994 matrem
869 1945 1084 2019 uxoremque
1101 1924 1226 1997 habuit
1244 1917 1351 1998 Chris·

146 2031 278 2113 rianar,
311 2040 349 2096 er
371 2044 416 2094 eo
443 2038 604 2115 tempore
619 2014 667 2092 ibi
683 2015 799 2091 floruit
815 2015 1009 2093 Christiana
1032 2016 1179 2112 religio,
1207 2017 1297 2093 teste
1311 2018 1353 2093 l·

146 2119 388 2221 bulpharagio.
436 2116 515 2190 lmo
547 2110 621 2210 ipse
651 2114 829 2187 Hulachua
853 2135 929 2186 eam
953 2113 1122 2209 prosellua
1146 2110 1229 2207 est,
1260 2132 1299 2189 ut
1316 2132 1354 2185 ea

145 2222 315 2316 Aptono,
339 2233 377 2286 et
394 2211 559 2308 Epistolia
575 2211 688 2305 Papae
705 2209 864 2294 adeum,
884 2211 974 2304 apud
990 2209 1232 2306 Raynaldum,
1252 2228 1353 2306 pater.

146 2318 177 2388 F
179 2318 258 2387 ilius
281 2330 319 2383 et
341 2305 512 2380 successor
537 2304 611 2398 ejus
632 2303 751 2377 Abalra
776 2303 885 2378 coluit
904 2307 1042 2400 quidem
1059 2307 1172 2394 idola,
1197 2308 1258 2381 sed
1273 2305 1355 2381 favit

144 2402 370 2490 Christianir,
397 2399 485 2472 teste
503 2400 660 2493 Aytono.
712 2397 817 2492 Cujus
833 2398 959 2489 frater,
985 2421 1020 2472 et
1038 2398 1237 2494 successor,
1260 2404 1302 2477 ab
1320 2423 1347 2472 a.

150 2509 285 2586 1282·‚
309 2494 520 2580 Tachador,
538 2494 775 2566 Saracenicam
793 2495 943 2590 suscepit
958 2497 1188 2592 religionem,
1214 2501 1350 2595 indeque

146 2588 419 2678 Achmed·clran
444 2588 558 2667 voluit
584 2590 771 2684 adpellari,
804 2611 956 2664 attamen
987 2595 1055 2666 sele
1079 2593 1253 2669 universio
1278 2614 1350 2691 geu·

147 2696 262 2782 tibus,
288 2687 326 2763 in
351 2681 473 2782 primia
494 2683 717 2772 Christianis,
742 2686 907 2760 exhibuit
930 2689 1167 2776 clementem,
1200 2688 1290 2765 teste
1313 2688 1352 2762 ri·

147 2781 398 2888 bulpharagio,
423 2781 482 2878 qui
507 2802 591 2854 tunc
615 2780 736 2855 floruit
745 2806 759 2868 ,-
783 2781 867 2855 licet
885 2784 1034 2858 sanutus
1060 2803 1096 2856 et
1120 2785 1292 2881 Aptonua
1309 2806 1353 2858 rt·

148 2890 284 2974 serant,
311 2881 386 2979 ejus
409 2877 500 2975 jussu
524 2876 693 2952 Ecclesraa
716 2874 992 2952 Christianorum
1020 2882 1150 2973 ubique
1177 2880 1283 2958 fuiiie
1303 2881 1353 2954 de·

148 2982 304 3060 sttuiias.
355 2974 459 3049 Obiit
473 2998 504 3048 a.
528 2983 633 3063 1284.
659 2973 738 3047 Alia
755 2976 858 3071 longe
877 2997 972 3047 mens
992 2976 1059 3048 suit
1074 2977 1249 3070 Argono,
1276 2980 1353 3052 aba·

150 3079 217 3154 irae
251 3074 345 3160 filio,
371 3069 430 3167 qui
461 3074 505 3144 ab
538 3084 577 3154 a!
600 3077 704 3158 1284.
730 3070 773 3142 ad
796 3093 901 3159 1291.
935 3076 1117 3165 regnavit,
1144 3076 1283 3170 quippe
1305 3067 1354 3170 qui

152 3169 369 3249 Christianur
400 3164 487 3254 fuit,
513 3186 550 3239 et
582 3165 791 3260 religionem
817 3189 955 3262 quoque
984 3166 1217 3241 Christianam
1241 3191 1356 3266 propa·

176 3268 226 3343 ari
259 3263 361 3339 fecit.
413 3260 600 3358 Denique,
634 3262 707 3335 aliis
731 3261 855 3350 miliia,
891 3259 1069 3349 Callanus,
1104 3264 1158 3334 vel
1193 3267 1356 3350 Cazanur,

149 3294 244 3447 {lius
270 3357 433 3456 Argoni,
460 3356 939 3456 quiaba.1295.ad1303.
967 3357 1138 3453 praefuit,
1162 3356 1268 3433 initio
1293 3359 1356 3457 qui·

146 3463 249 3549 dern,
264 3477 302 3531 ur
317 3459 382 3545 iis,
400 3478 464 3552 per
480 3477 566 3550 quos
581 3454 623 3527 ad
643 3477 789 3549 regnum
808 3473 1034 3551 pervenerat,
1054 3460 1235 3548 placeret,
1255 3456 1356 3530 fidem

149 3555 481 3637 Muhammedanam
520 3547 689 3646 professus
730 3550 799 3638 est,
840 3551 896 3623 sed
937 3548 1162 3623 Christianam
1207 3554 1362 3651 deincepr

152 3652 331 3746 amplexui
355 3648 425 3736 est,
460 3669 570 3719 uxore
601 3669 741 3744 quoque
772 3644 872 3719 dubia
904 3647 973 3719 filia
996 3645 1151 3740 Aytoni,
1176 3649 1365 3724 Armeniae

151 3749 284 3845 Regis,
310 3766 397 3839 quae
414 3743 457 3815 ad
474 3738 685 3816 Christianae
704 3742 784 3816 fidei
801 3744 1090 3851 propagationem
1116 3746 1265 3818 multum
1284 3770 1368 3820 con·

152 3848 244 3923 tulit.
292 3842 387 3914 Plura
413 3856 450 3909 et
467 3833 533 3907 alia
558 3835 616 3931 qui
635 3838 742 3929 velit,
767 3836 867 3908 adeat
892 3837 1067 3911 hrstoriam
1093 3839 1374 3919 Ecclesrrsticanr

155 3947 385 4027 Tatarorum,
411 3954 510 4030 quam
536 3955 668 4028 nuper,
694 3953 732 4005 ut
755 3932 809 4004 hir
835 3931 970 4027 scriptis
998 3934 1092 4023 vidi,
1126 3935 1161 4008 in
1188 3937 1377 4031 publicum

152 4039 250 4124 dedit
267 4032 508 4124 Moshemiur,
530 4032 572 4110 ab
600 4027 750 4128 antiquis
775 4025 916 4104 duiiam
944 4035 1177 4127 temporibus,
1215 4054 1253 4106 et
1277 4037 1377 4109 lesio

151 4138 308 4235 diguam.
1198 4129 1374 4208 ECCLE.
