3022 4806
571 516 719 619 matra
740 516 869 620 ntus.
896 516 1013 623 aaa

160 707 270 781 etiam
296 701 542 799 Abulpstaragio
566 700 683 791 disto,
708 699 877 813 quaedam
898 696 1181 815 summouenda.
1208 704 1299 787 Vid.
1320 711 1385 790 As·

161 802 397 973 stmstiss
424 797 1381 998 sisestsssstsassj“sdirssdidfsi‘sts

162 921 1379 1206 {instituunturdistendimur:

160 1182 1191 1389 issi²n¹gt⁶ns6assc²i⁶;’sssscssssssls‘ssttsst
1216 1186 1290 1360 ἷέἑ
1307 1191 1377 1363 ssi

158 1374 405 1471 Philosophiae
420 1397 462 1448 ac
479 1376 514 1447 Γ
516 1375 724 1484 heolograe,
749 1397 895 1471 egregie
918 1376 1077 1485 inbutus,
1105 1396 1144 1450 et
1160 1378 1371 1477 scriptorum
1393 1412 1396 1419 ·

156 1469 394 1575 jacobitarum
424 1468 529 1543 sactse
561 1470 1370 1650 μου]εεῖἰιέὡίὶἃῧίἰιωῦὴξιᾛὲοιὲίῗὲᾞ

152 1574 396 1737 ἓέιίιτυὶῑεῗτὲαεξ)
424 1565 729 1772 ἓεᾟῖῗξὲἒιᾞιὶἀ
764 1588 1160 1775 iigsuhammegltifinum
1176 1629 1368 1763 defeei’no,

154 1757 212 1830 tel
231 1758 348 1867 sussum
366 1755 436 1847 est,
460 1759 517 1830 vel
535 1755 581 1828 de
604 1757 672 1829 asro
697 1754 814 1923 srmrsste
830 1760 1311 1937 ιιζιιῗὲιιιέἀιὲιίι,εέξιὲιεειπξὶιῐιιῖΙ
1326 1770 1365 1842 su

145 1851 316 2044 {grsosgstt
335 1850 1066 2037 igqgstzffitytffitaatumikestng{ommistione
1082 1879 1365 2050 gt'c’orsssrsorset

151 2043 210 2119 sed
239 2069 341 2121 unam
363 2043 603 2155 substantiam,
629 2043 848 2157 personam,
872 2044 1091 2143 hypostasin,
1118 2051 1363 2145 voluntatem,

151 2146 347 2233 virtutem,
372 2163 410 2216 et
435 2163 688 2239 operationem.
721 2140 867 2216 Graecia
891 2166 978 2217 uero
1001 2142 1174 2219 consensit
1188 2145 1231 2221 in
1251 2153 1363 2248 capite

150 2240 197 2313 de
223 2239 438 2336 processione
462 2241 485 2311 S
513 2237 615 2311 iritus
641 2239 675 2310 S.
693 2259 737 2310 ex
757 2238 825 2311 soso
841 2240 965 2335 Patre,
986 2239 1024 2311 in
1041 2261 1086 2313 eo
1101 2265 1120 2341 a
1137 2242 1288 2410 resipuit
1302 2250 1364 2346 Sy.

144 2334 199 2407 ais
229 2336 423 2408 discedens.
505 2356 559 2404 am
592 2332 699 2404 etiam
721 2329 818 2405 fovit
842 2332 1079 2429 opinione'ria,
1111 2356 1203 2432 quae
1236 2338 1362 2434 iones,

147 2452 237 2526 quae
264 2428 486 2514 Catholicot,
511 2425 768 2515 Nestorianoa,
795 2427 999 2523 Jacobitas,
1026 2449 1060 2502 et
1077 2433 1363 2532 Monothesitu,

147 2522 333 2613 dividunt,
360 2544 431 2594 non
456 2520 526 2595 esse
549 2521 592 2591 de
618 2519 768 2610 haeresi,
794 2527 852 2599 sed
878 2549 981 2623 puras
1000 2527 1277 2625 Theologorum
1292 2534 1364 2635 opi·

148 2622 285 2697 aiones.
335 2617 436 2691 Circa
463 2614 705 2690 eucharistiam
726 2616 819 2692 idem
839 2619 941 2695 senfit
964 2625 1056 2718 quod
1082 2621 1236 2718 Graeci,
1254 2648 1292 2703 et
1307 2655 1366 2707 an·

145 2717 318 2816 tiquiores
340 2735 482 2801 omnes,
508 2734 632 2809 panem
659 2711 794 2787 scilicet
819 2733 854 2786 et
874 2718 992 2791 vinum
1009 2740 1078 2790 non
1095 2717 1165 2792 esse
1182 2743 1307 2799 natura
1324 2718 1363 2803 εἰ

142 2838 230 2890 vere
248 2812 358 2910 ipsum
376 2832 504 2906 corpus
519 2829 557 2881 et
577 2806 775 2904 sanguinem
795 2810 944 2902 Christi,
970 2815 1028 2886 sed
1046 2833 1196 2911 propter
1211 2822 1360 2914 gratiam

145 2909 299 3007 Spiritus
322 2909 378 2997 S.,
403 2929 491 3002 quae
517 2902 596 3000 ipsit
620 2903 788 2996 illabitur,
840 2911 1106 2984 uemadmodum
1127 2912 1281 2992 humana
1302 2940 1361 2994 na·

140 3027 218 3082 tura
243 3006 339 3077 unita
363 3001 413 3075 est
436 3025 514 3076 cum
540 3000 684 3076 Diuina.
735 2932 913 3078 mediare
934 3004 1080 3096 habuit,
1103 3007 1238 3085 animae
1256 3010 1368 3110 justo·

142 3126 221 3181 rum
253 3096 405 3172 detineri
432 3101 469 3174 in
495 3097 653 3195 paradiso
679 3097 831 3173 terrestri
858 3101 1025 3197 usquead
1052 3103 1367 3204 resurreetionem,

141 3200 267 3273 statum
293 3217 432 3292 quoque
455 3194 605 3268 medium
629 3191 704 3265 dari
732 3194 825 3267 inter
849 3198 984 3270 coelum
1010 3218 1046 3272 et
1071 3197 1265 3292 infernum,
1299 3207 1369 3282 sci·

141 3296 227 3371 licet
246 3292 458 3386 paradisum,
484 3290 519 3365 in
538 3313 608 3388 quo
622 3305 799 3394 aeternum
818 3289 963 3384 vivent,
990 3295 1050 3389 qui
1069 3317 1134 3368 nec
1153 3294 1366 3395 servantur,

138 3412 208 3466 nec
238 3390 462 3462 damnantur:
488 3389 581 3478 quod
604 3402 775 3458 vanorum
799 3403 956 3462 autorum
987 3389 1193 3466 testimoniis
1216 3395 1367 3491 firmat3

140 3507 228 3584 quos
259 3483 416 3557 recenset
442 3480 613 3556 Affeman.
663 3479 718 3554 Ex
743 3486 908 3578 operibus
933 3488 1025 3583 ejus,
1049 3510 1138 3582 quae
1156 3486 1365 3588 supersunt,

138 3580 368 3682 praecipuum
386 3579 435 3652 est
452 3576 885 3670 chronicon-Arabicum,
915 3584 957 3655 ab
982 3580 1119 3658 Adamo
1138 3583 1243 3681 usque
1264 3590 1309 3665 ad
1326 3614 1363 3667 a.

144 3681 273 3772 1276„
304 3675 404 3768 cujus
429 3697 510 3770 para
541 3672 671 3769 prodiit
696 3673 802 3748 titulo
808 3676 1000 3770 speciminis
1016 3677 1165 3776 historiae
1188 3683 1364 3781 Arabum,

139 3777 212 3851 sive
233 3773 271 3845 de
294 3774 417 3865 origine
447 3786 484 3841 et
517 3772 659 3842 moribus
691 3768 858 3860 Arabum,
893 3796 971 3848 curn
1004 3775 1160 3848 versione
1196 3798 1234 3852 et
1259 3786 1363 3861 notia

137 3867 290 3947 Eduardi
317 3862 491 3954 Pococki,
523 3863 607 3938 dein
634 3862 811 3961 integrum
831 3891 937 3962 opus,
964 3871 1021 3945 sub
1046 3873 1152 3944 titulo
1175 3872 1362 3972 Dynastr'ae.

129 3994 223 4061 ram,
249 3966 374 4041 eodem
391 3963 600 4061 interprete.
621 3960 791 4038 Condidit
807 3983 993 4061 praeterea
1001 3968 1172 4043 carantena
1182 3970 1364 4068 Syriacum

1317 4077 1360 4147 ab
