3022 4806
625 117 730 188 Sttttl.
761 117 866 191 l'lr'l.

183 296 213 391 ᾖ.
241 296 361 366 ι’,ι,ζῖἱ.
389 294 478 364 Sunt
501 310 615 363 autern
643 294 713 387 ejus
738 293 810 363 aliu
836 310 870 362 et
897 290 1036 361 decreta
1067 315 1092 362 t.
1119 289 1199 366 ilici
1228 298 1349 368 cntho.

137 392 226 464 licae
257 389 444 474 definitio,
516 410 577 458 uae
611 390 695 459 nihil
725 387 931 482 particulare
969 386 1104 470 habet,
1155 386 1215 459 nist
1257 395 1348 486 qnod

137 484 480 560 Transubstantiatio
492 408 600 556 inerit
620 482 767 574 sancita,
786 503 842 571 et,
861 498 1001 576 praeter
1018 481 1185 553 articulos
1194 483 1341 579 Syntnc·

139 583 188 668 li,
214 580 405 676 baptismi,
439 596 477 652 et
499 579 719 673 parvulorum
746 598 782 651 et
805 578 1018 663 adultorum,
1043 574 1202 649 efficacia
1229 581 1271 652 ad
1298 582 1348 656 la·

137 678 256 751 lucem.
308 697 341 747 ι.
369 673 504 747 Ornnet
527 675 604 746 sunt
629 675 808 746 damnatae
830 671 1010 758 haeresen,
1047 670 1256 746 nominatim
1283 679 1347 751 At.

138 769 284 857 marici,
317 787 356 841 et
380 769 558 866 Joachinti
586 770 753 842 Abbatis:
787 771 830 841 dc
869 768 993 860 quibus
1021 765 1154 861 postca.
1207 792 1246 863 3.·
1277 774 1350 846 De.

139 887 278 942 cretum
304 865 349 936 de
372 864 600 959 exstirpandis
626 864 829 950 haereticis,
862 884 898 934 et
923 880 1034 932 morte
1058 860 1269 958 pledendir,
1305 868 1345 943 sr-

141 988 185 1038 ve
220 958 369 1035 brachio
400 961 540 1033 seculari
578 961 768 1045 tradendis,
803 958 860 1030 nic
891 958 992 1029 etiarn
1029 959 1144 1029 cusum
1179 960 1240 1034 est.
1291 966 1349 1038 De

139 1082 213 1242 tlt,
235 1052 1181 1255 lllrrllll·,rttlltelllgl{illidit
1194 1055 1348 1231 ltili

143 1246 341 1335 Tolosani,
380 1267 482 1340 quarn
508 1247 736 1319 Innocentius
766 1243 946 1318 custodiae
980 1242 1153 1331 Strnonts,
1189 1249 1346 1326 Cornicis

139 1339 398 1429 Montislortit,
428 1359 562 1415 tantum
589 1340 797 1430 tradiderat,
823 1339 887 1434 ipst
914 1340 951 1412 in
980 1360 1183 1433 perpetuant
1218 1344 1347 1439 polles·

139 1437 273 1512 lioncnt
298 1434 350 1509 est
377 1437 474 1525 data,
515 1432 603 1507 teste
634 1437 740 1511 Petro
779 1438 823 1508 de
856 1436 961 1510 Valle
986 1433 1124 1507 Cernaii
1166 1436 1204 1508 in
1238 1440 1347 1514 histo·

136 1535 188 1607 ria
215 1529 469 1628 Albigensrurn.
517 1532 595 1623 ipsa
619 1552 707 1604 vero
730 1534 902 1606 sententia
928 1530 1061 1625 prostat
1086 1530 1122 1603 in
1148 1531 1345 1633 spicilegio

139 1626 367 1703 Dacheriano
405 1647 490 1699 torn.
523 1629 553 1697 l.
601 1625 681 1723 Qua
712 1627 851 1701 ratione
884 1627 1011 1697 Cornea
1047 1624 1258 1718 Tolosanus,
1300 1635 1347 1708 ob

140 1721 383 1819 Albigcnstum
410 1719 670 1808 defenlionem,
701 1725 803 1797 terris
823 1717 889 1791 suit
911 1721 1070 1813 privatur
1086 1717 1148 1793 est.
1195 1723 1253 1797 De
1276 1750 1347 1823 qun

139 1817 268 1931 postea.
320 1823 353 1894 6.
379 1815 763 1890 Excomntunicationis
789 1813 962 1888 sententia
986 1812 1105 1887 estab
1133 1816 1349 1900 Innocentio

141 1938 178 1989 tn
193 1914 364 1987 Proceres
380 1913 534 2008 Anglos,
559 1911 617 2008 qui
634 1910 672 1985 in
697 1913 916 2010 Johannem,
942 1909 1094 2004 Angliae
1109 1931 1247 2006 regern,
1263 1939 1349 1996 con.

139 2011 159 2086 l
178 2008 377 2097 iraverant,
402 2009 489 2099 lata,
524 2030 715 2103 eorumque
748 2005 911 2101 regiones
936 2007 1014 2080 sunt
1036 2006 1227 2084 interdidlo
1251 2012 1348 2091 sacro

140 2034 327 2202 ffibjeftae.
376 2102 463 2177 Vid.
499 2104 700 2178 Matthaeus
730 2100 921 2176 Parifiensrs
953 2127 983 2177 a
1029 2111 1133 2175 1216.
1174 2108 1348 2186 Frederici

143 2204 189 2275 ΙΙ.
213 2199 359 2290 electio,
386 2197 520 2292 reietto
545 2199 707 2289 Othone,
732 2218 769 2272 et
793 2197 849 2269 hic
873 2221 906 2290 7.
931 2197 1136 2271 confirmata
1162 2199 1232 2290 est,
1260 2206 1348 2281 telle

143 2318 341 2391 anonymo,
373 2313 495 2366 autore
519 2296 677 2391 aequali,
709 2295 800 2389 apud
833 2293 1062 2390 Raynnldurn.
1112 2294 1277 2392 Denique
1314 2311 1347 2382 8.

142 2393 271 2478 multa,
302 2390 344 2462 ad
368 2388 584 2482 disciplinam
610 2389 882 2465 Eccleliasticarn
908 2387 1148 2497 pertinentia,
1181 2392 1239 2464 hic
1277 2395 1351 2469 san·-

144 2485 213 2562 cita
238 2485 340 2572 sunt3
373 2503 411 2557 ut
433 2509 478 2559 ex
508 2487 672 2561 undecim
695 2484 768 2581 ejus
791 2487 983 2559 canonibus
1016 2503 1125 2578 patet.
1176 2486 1351 2568 Nonnulli
1407 2485 1418 2495 ⁸

144 2580 285 2681 quiden
314 2579 586 2654 Proteilantiutn
610 2581 814 2675 opinantur,
849 2579 913 2650 hot
937 2598 1091 2677 canones
1115 2600 1185 2653 non
1212 2608 1232 2657 a
1263 2609 1352 2663 cone

144 2679 244 2767 cilio,
269 2676 372 2750 seda
395 2675 505 2771 Papa,
533 2676 610 2772 post
636 2677 742 2765 illud,
769 2676 838 2750 effe
862 2672 1074 2761 consedet,
1089 2677 1146 2748 sed
1174 2677 1245 2752 stne
1273 2682 1352 2760 soli·-

142 2774 185 2849 da
205 2773 355 2847 tatione.
405 2771 606 2846 Concilium
624 2773 718 2846 enirn
735 2772 987 2858 Lateranenle,
1013 2767 1071 2843 hic
1088 2774 1252 2863 citatum,
1279 2800 1351 2857 non

143 2868 192 2945 est
217 2868 291 2941 hoc
316 2865 448 2961 ipsum,
481 2869 537 2941 sed
564 2870 718 2961 llittrtm,
752 2868 811 2939 sub
836 2865 1034 2938 Alexandro
1058 2868 1123 2940 111.
1151 2871 1354 2952 Matthaeus

145 2988 232 3041 vero
257 2960 471 3053 Parisrenfir,
499 2963 559 3036 ubi
584 2964 692 3051 dicit,
716 2968 859 3036 recitata
883 2958 943 3050 effe
969 2964 1004 3034 in
1026 2962 1117 3052 pleno
1139 2970 1270 3040 concilio
1293 2995 1348 3047 ta·

142 3062 250 3160 pilula
267 3059 507 3155 septuaginta,
541 3083 639 3154 eaque
665 3061 743 3133 aliis
766 3058 965 3152 placabilia,
1001 3061 1076 3129 aliis
1098 3060 1170 3150 risa
1196 3061 1257 3158 effa
1281 3090 1354 3139 nne.

143 3157 237 3247 tosa,
263 3155 353 3229 sicut
378 3175 418 3226 ca
441 3153 542 3229 strille
566 3157 716 3229 recitata
749 3156 876 3242 tradit,
910 3152 964 3233 ita
985 3172 1051 3223 non
1076 3154 1193 3245 addit,
1218 3162 1353 3257 tarje&
1457 3200 1461 3207 -

147 3253 238 3343 elle,
270 3268 407 3327 tantum
426 3251 602 3324 nonnullis
620 3249 691 3325 visa
712 3248 873 3330 onerosa,
900 3247 993 3344 quod
1011 3250 1152 3343 majoris
1171 3259 1279 3347 partis
1295 3262 1354 3331 ad.

148 3346 346 3446 probationi
371 3368 442 3419 non
472 3346 683 3420 adversatur.
735 3345 821 3419 Vid.
847 3344 980 3419 Natalis
1003 3345 1198 3420 Alexander
1223 3353 1295 3425 dili.
1325 3356 1352 3430 l.

151 3443 188 3514 ad
203 3444 271 3522 ltoc
290 3445 362 3522 sec.
373 3496 386 3537 ,
412 3441 473 3540 qui
500 3443 673 3540 genuinos
694 3437 764 3516 elle
780 3440 881 3540 hujus
896 3441 1028 3538 Synodi
1048 3464 1198 3518 canones
1214 3443 1359 3522 denton-

153 3534 241 3636 strat,

585 3765 590 3775 ⁸
683 3633 755 3717 Hb
781 3656 803 3731 3
1197 3630 1229 3731 5.
1257 3635 1364 3717 CCX.
1385 3670 1471 4048 1
