3022 4806
599 603 601 608 ’
682 609 787 689 Secti.
814 606 921 687 xiii.
1336 625 1407 698 ²05

163 816 217 868 aia
240 783 454 877 Patifiensia3
483 786 637 863 referunt
661 788 768 864 etiam
788 788 844 865 alii
869 787 1029 864 historici
1064 789 1190 883 plures.
1241 786 1307 860 Sed
1338 787 1399 862 alii
1432 843 1434 845 .

126 918 130 922 ·
158 889 344 978 tradunt,
365 886 494 977 Papam
519 885 589 958 hoc
609 905 743 959 tantuin
762 885 1010 982 praetexuille,
1040 904 1075 954 et
1112 905 1230 957 verani
1260 885 1397 956 causam

156 982 303 1070 fuiffe,
336 981 431 1076 quod
458 980 558 1052 teriia
580 981 794 1075 lnpe'tatoiia
826 983 999 1071 inhiaret,
1041 999 1077 1053 et
1105 999 1294 1076 propterea
1317 1001 1399 1052 euni

127 1118 142 1123 ··
158 1076 337 1155 voluerit
363 1075 503 1171 longina
523 1097 710 1151 remotum.
764 1079 848 1153 Vid.
878 1073 1120 1172 Uispeigensis
1146 1081 1189 1147 ad
1220 1095 1250 1148 a.
1290 1095 1397 1166 1227.

152 1193 212 1250 et
248 1171 452 1246 Aventinus
477 1173 500 1243 l.
527 1169 590 1245 cit.
641 1173 720 1268 lpse
747 1173 973 1260 Fredericua,
1020 1167 1151 1244 litteris
1192 1168 1234 1242 ad
1276 1191 1400 1243 omnen

135 1269 363 1364 ‘Principes
390 1283 426 1337 et
450 1266 621 1341 Praelatos
643 1267 767 1358 miffii,
794 1269 928 1343 eausam
950 1265 1133 1361 negledlae
1155 1264 1398 1359 expeditionis

156 1365 306 1442 tribuit
332 1359 646 1451 indiminutum,
672 1363 770 1437 simul
789 1364 917 1459 Papam
943 1360 1145 1457 increpuit,
1181 1361 1220 1432 in
1248 1358 1401 1433 Pontifi-

152 1483 257 1537 cum
276 1458 520 1534 Romanorum
539 1457 753 1555 superbiam,
777 1457 1030 1545 ambitionem,
1060 1476 1098 1528 et
1123 1457 1311 1528 avaritiam
1336 1456 1398 1529 de·

153 1556 312 1632 tonuit.
362 1549 506 1627 Exstant
531 1554 662 1627 multae
688 1555 782 1628 hanc
804 1553 838 1625 in
862 1575 937 1625 rein
962 1552 1103 1624 litterae
1137 1551 1227 1644 apud
1253 1552 1399 1625 Petrum

136 1654 216 1729 -de
244 1646 396 1734 Vincit,
418 1646 479 1742 qui
507 1648 705 1743 Inperatori
727 1647 790 1722 fuit
809 1647 1009 1734 electeus,
1036 1647 1168 1741 aliquae
1184 1646 1288 1718 etiam
1307 1648 1422 1738 apud.

145 1744 406 1824 ⁴Matthaeum
431 1741 670 1832 Pariliensem,
697 1745 754 1841 qui
780 1763 894 1816 tamen
918 1741 1035 1831 addit,
1069 1744 1127 1814 linc
1141 1739 1273 1834 fatiam
1300 1745 1399 1836 Inpe-

159 1844 304 1919 ruiori‘s
328 1835 475 1932 damnose
497 1840 595 1909 nimii
618 1837 804 1934 redundaffe
835 1843 868 1911 iii
891 1840 1043 1926 dedecus,
1082 1855 1113 1910 et
1136 1838 1395 1932 praejudicium,

156 1940 280 2015 aetius
298 1935 418 2028 negotii
440 1932 603 2026 crucifixi.
632 1934 678 2006 Pa
705 1957 724 2008 a
748 1957 857 2024 veto,
883 1935 949 2007 liac
971 1932 1189 2027 Inpetatoris
1216 1930 1397 2005 obstinati·

156 2054 247 2113 one
273 2025 467 2116 intelledla,
500 2049 580 2102 cum
604 1956 826 2101 annegemate
851 2027 1012 2125 percuffit
1034 2028 1070 2099 in
1096 2027 1238 2123 Synodo
1262 2027 1395 2101 Roma·

155 2152 217 2207 na
242 2149 278 2203 a.
309 2129 439 2210 1228„
464 2124 626 2196 omnibut
650 2146 787 2219 quoque
815 2125 922 2210 locis,
949 2121 1008 2192 ubi
1035 2123 1227 2194 versaretur
1252 2123 1395 2216 lupera·

157 2243 257 2314 tor,
289 2217 442 2314 inpolito
465 2215 653 2291 inierdidlo
680 2221 788 2292 sacro.
838 2217 966 2289 Refert
991 2232 1107 2287 autem
1132 2220 1226 2288 inter
1251 2217 1393 2291 senten·

160 2321 257 2396 tiae
280 2312 519 2401 senecioni,
544 2334 615 2386 non
639 2313 748 2388 solum
778 2309 933 2385 omillam
959 2310 1247 2405 expeditionem,
1273 2308 1329 2385 sed
1355 2329 1395 2388 et

157 2416 241 2494 ulia
269 2409 382 2484 inulta
407 2408 569 2496 crimina,
604 2426 642 2479 et
663 2409 871 2504 populorum
904 2406 944 2481 ad
976 2404 1163 2480 Ecclesiam
1195 2405 1392 2484 Romanam

157 2503 452 2610 pertinentium,
484 2503 734 2600 oppieffionea,
774 2500 938 2600 quodque
961 2500 1195 2598 Archiepisco
1223 2527 1280 2578 um
1318 2503 1390 2579 Ta·

160 2601 362 2682 reatinum
386 2597 428 2671 ad
452 2598 551 2672 sedet
573 2597 646 2670 suas
672 2617 741 2671 non
766 2598 883 2672 fiverit
906 2597 977 2683 ire,
1010 2615 1079 2671 etc.
1127 2597 1181 2671 Ex
1213 2602 1271 2672 a'nt
1296 2600 1390 2674 litte·

161 2723 232 2779 tae
260 2698 377 2791 Papae
400 2694 488 2787 apud
515 2691 741 2787 Raynaldum.
792 2695 934 2769 Interea
957 2692 993 2766 in
1019 2691 1054 2763 se
1079 2693 1168 2766 hanc
1191 2695 1235 2765 ob
1255 2696 1388 2769 caulam

166 2789 380 2874 concitavit
396 2789 562 2884 populum
587 2789 805 2879 Romanum,
856 2788 911 2877 ui,
947 2786 1069 2882 inpetu
1098 2787 1133 2859 iii
1167 2809 1246 2859 eum
1270 2788 1387 2882 facto,

168 2893 279 2970 Urbe
317 2884 425 2980 ipsum
458 2884 612 2977 expulit,
649 2901 687 2956 et
712 2885 758 2959 us
773 2813 1011 2957 uesserufium
1042 2880 1200 2975 fugavit,
1248 2884 1308 2956 tibi
1342 2902 1388 2958 eo

173 3008 209 3062 et
237 2985 407 3080 sequente
433 2999 525 3052 anno
550 2977 693 3068 mansit,
720 2997 755 3053 te
788 2979 865 3052 ibus
888 2978 1075 3052 Matthaeo
1110 2973 1315 3068 Parisiense,
1348 2995 1387 3055 et

174 3082 317 3158 abate
342 3070 594 3185 Uispetgense:
629 3074 721 3150 unde
755 3073 914 3156 Affisium
947 3074 1125 3174 perrexit,
1162 3092 1200 3148 et
1226 3071 1384 3150 Francis·

170 3184 263 3260 eibi
276 3188 511 3258 canonizavit.

177 3278 183 3321 '·
216 3271 254 3442 {t
279 3266 497 3344 CLXXVII.
521 3269 608 3341 Cum
625 3288 712 3342 veto
731 3267 949 3360 Fredericut,
975 3285 1015 3343 ut
1042 3267 1076 3343 se
1099 3285 1223 3343 votum
1248 3267 1384 3345 solvere

176 3392 220 3444 ve
244 3388 268 3440 e
291 3361 515 3451 ostenderet,
542 3363 674 3459 Syriam
701 3365 819 3441 versut
841 3389 919 3441 cuin
943 3364 1054 3461 cupiit
1077 3363 1256 3459 profeciat
1276 3365 1384 3454 elici,

176 3465 235 3538 reu
266 3478 428 3552 magnam
461 3479 576 3530 earum
615 3477 748 3552 partein
794 3461 831 3534 in
871 3485 983 3574 regno
1024 3459 1159 3533 Siciliae
1197 3458 1384 3554 reliquillet

175 3554 383 3655 uayiuido,
407 3552 587 3645 Spoletini
605 3555 715 3627 Ducis
739 3553 830 3643 lilio,
856 3554 1080 3652 admistum
1102 3553 1151 3626 ibi
1175 3573 1299 3629 contra
1323 3559 1383 3628 Pa·¹

174 3676 253 3754 pain
278 3647 485 3735 tutandum,
518 3651 628 3744 Papa,
662 3649 933 3723 vehementiore
951 3669 1134 3745 correptus
1163 3649 1238 3739 ira,
1276 3652 1379 3726 etiam

177 3747 292 3851 quod,
319 3741 480 3840 neglcdla
506 3744 743 3831 absolutione,
778 3745 813 3817 id
838 3745 992 3832 feciffei,
1026 3745 1117 3820 misit
1143 3768 1226 3819 mox
1248 3744 1382 3840 Johan·¹

177 3866 258 3921 nem
288 3837 546 3930 Biennenseni,
579 3842 734 3916 socerum
768 3841 942 3915 Fiedetici
976 3839 1140 3953 (duxerat
1174 3841 1271 3913 enim
1307 3843 1381 3934 ejut

179 3941 278 4015 utum
307 3938 500 4034 Jolantatn,
535 3952 573 4006 et
597 3959 678 4012 cum
704 3957 745 4010 ea
769 3960 916 4034 regnum
943 3935 1300 4035 Hierosolymitanum
1328 3956 1385 4009 ac·

187 4051 323 4128 ceperat
352 4026 584 4130 Fredeticut)
615 4032 676 4132 ipfi
692 4082 705 4122 ‚
723 4035 813 4204 cub·-
836 4057 983 4133 regnum
1031 4033 1113 4111 illud
1152 4047 1390 4198 occupatssm,

388 4205 389 4208 t
693 4137 698 4149 '
763 4149 829 4226 cg
1267 4145 1305 4197 in
1323 4148 1384 4224 eng
1428 4158 1431 4165 ·
