3022 4806
127 535 201 627 ιι6
521 519 961 629 tristissumum.

135 704 208 787 Dei
239 704 351 799 dixit,
385 727 422 783 ct
453 705 626 783 Adamum
653 708 838 804 adpellari,
861 706 1038 804 populum
1072 722 1139 803 per
1161 701 1368 805 praestigiis

136 804 301 900 decepit,
337 823 374 879 et
399 806 594 900 promiscua
617 805 769 879 instituit
790 802 988 892 connubia,
1021 799 1076 875 ita
1099 823 1248 892 nmen,
1272 825 1311 878 ut
1330 824 1364 879 r·

134 900 217 975 licui
251 899 292 972 ad
327 923 406 973 eum
441 896 647 989 accedenti,
673 921 711 974 et
734 898 894 987 dicenti,
925 901 963 971 itt
984 898 1075 973 lanc
1097 895 1259 993 Spiritus
1278 920 1363 972 arur

139 999 321 1085 concaluit,
344 993 564 1090 responderit
609 999 675 1084 ite,
700 997 856 1087 crescite,
878 995 1174 1088 nustpttcantni,
1200 997 1361 1090 etraeplue

141 1112 274 1167 tetram.
326 1089 460 1164 Docuit
492 1106 686 1185 praeterea,
721 1112 760 1164 ut
792 1091 876 1164 nudi
908 1090 1078 1163 incedant
1160 1091 1276 1180 blice,
1298 1109 1358 1164 not

140 1210 210 1260 non
236 1185 405 1271 adseruit,
432 1189 466 1258 se
493 1203 531 1258 et
557 1185 670 1259 socios
691 1184 762 1260 elle
787 1188 879 1260 solos
901 1182 1049 1272 liberos,
1182 1209 1272 1260 vero
1288 1209 1358 1259 om·

142 1306 223 1368 nes,
239 1283 294 1376 qui
312 1280 449 1368 vestiti,
475 1281 637 1375 inprimis
653 1280 894 1368 femoralibus,
919 1279 1119 1370 incedunt,
1143 1278 1219 1355 esse
1235 1281 1355 1359 servor.

141 1378 194 1453 lli
228 1377 389 1449 homines
414 1374 554 1449 insulam
588 1397 821 1471 occuparunt,
856 1399 957 1450 amne
980 1375 1170 1451 Imsinicio
1192 1376 1355 1467 cindlam,

141 1494 180 1544 et
209 1493 325 1543 eorum
360 1475 585 1568 quadraginta
616 1473 698 1546 inde
723 1472 845 1570 egredi
869 1471 1083 1546 occiderunt
1108 1474 1215 1568 supra
1238 1471 1356 1546 ducen-

146 1587 203 1641 tos
226 1564 397 1660 agrestes,
421 1591 506 1656 quos
530 1568 669 1642 Diaboli
692 1569 781 1641 filios
806 1584 1061 1661 nuncuparunt.
1112 1569 1159 1641 In
1181 1590 1272 1664 quor
1285 1569 1354 1641 Zia·

143 1662 188 1735 kt
213 1661 372 1756 inpetum
398 1661 508 1752 fecit,
534 1665 722 1760 omnesque
746 1661 908 1737 insulares
932 1661 1091 1749 delevit,
1125 1663 1270 1737 duobus
1293 1685 1353 1736 tan·

145 1777 219 1830 tum
246 1755 397 1845 relislis,
430 1778 611 1830 uteorum
638 1760 760 1830 sesiam
788 1759 1009 1855 intelligeret.
1062 1757 1121 1830 lta
1148 1780 1232 1832 rem
1256 1760 1354 1832 refert

147 1853 295 1929 AEneas
319 1850 455 1947 Sylvius
481 1853 560 1928 hist.
585 1854 717 1926 Bohem
755 1878 832 1950 cap.
856 1877 939 1941 4ι.,
963 1866 1071 1947 quem
1092 1852 1154 1926 alii
1172 1854 1353 1949 descripse-

147 1968 241 2024 runt.
289 1948 423 2020 Saeviit
454 1971 543 2024 vero
573 1950 608 2023 in
635 1949 775 2022 ntiseros
807 1951 873 2022 hos
898 1946 1057 2020 homines
1083 1947 1184 2023 ferro
1209 1970 1248 2024 et
1270 1950 1353 2025 firm·

148 2068 207 2123 ma
230 2041 302 2139 ipse
325 2040 452 2134 Zizlta,
478 2045 627 2118 laudatus
649 2063 873 2140 propterera
899 2041 1096 2115 Pontificiis
1114 2065 1190 2120 non
1206 2063 1351 2133 tantum.

148 2140 209 2216 sed
244 2157 299 2224 et,
331 2142 422 2233 quod
453 2140 604 2231 mireris,
638 2144 680 2214 ab
709 2140 788 2238 ipsu
819 2134 1111 2214 protestantibus.
1160 2141 1248 2218 Hos
1279 2163 1353 2215 veto

150 2233 241 2321 ipsos
272 2231 433 2307 Picardos
463 2237 505 2308 ab
538 2237 591 2309 his
622 2237 822 2311 criminibus
852 2233 951 2307 fuisse
987 2232 1134 2323 liberos,
1161 2235 1243 2312 into
1267 2259 1352 2311 uuor

151 2330 372 2410 waldenses,
408 2330 560 2422 purioris
592 2333 672 2404 fidei
697 2354 733 2404 et
755 2327 931 2424 religionis
954 2325 1170 2420 scslatores,
1199 2350 1240 2406 et
1263 2354 1353 2427 prop·

151 2443 248 2497 terea
286 2419 388 2492 fuisse
435 2425 587 2512 Zizltae,
627 2426 758 2522 quippe
800 2425 995 2510 Colinian,
1037 2425 1209 2516 odiosos,
1250 2426 1352 2502 multis

150 2514 339 2610 disputavit
379 2518 558 2592 Beausubr.
593 2519 637 2591 de
663 2521 857 2609 Adamitis,
881 2520 921 2591 ad
947 2519 1072 2591 calcem
1100 2522 1295 2600 L'Enfant.
1315 2523 1350 2596 de

152 2614 232 2691 bello
257 2608 435 2708 Huffitico,
461 2613 518 2687 cui
545 2615 758 2689 contradicit
782 2617 833 2688 Cl.
863 2614 1043 2689 Moshem.
1061 2613 1148 2690 hist.
1167 2622 1242 2696 sec.
1261 2621 1353 2706 XV..

152 2709 210 2809 qui
252 2708 410 2805 vulgatae
449 2710 638 2784 narrationi
667 2709 905 2799 adhaerescit,
941 2732 1087 2806 eamque
1121 2735 1170 2788 ex
1205 2713 1356 2814 genuinis

151 2807 385 2882 monumentis
403 2805 627 2881 demonstrari
646 2805 740 2902 polle
758 2806 902 2880 adserit:
927 2806 1019 2900 quod
1040 2826 1161 2880 tamen
1180 2833 1258 2887 non
1276 2831 1354 2908 pne·

153 2901 257 2979 stitit.
306 2902 527 2991 Waldenses,
561 2924 716 2992 utrem,
751 2903 850 2976 altius
879 2901 1084 2993 repetitam,
1121 2905 1161 2977 in
1193 2929 1283 2984 vera
1311 2904 1355 2980 sua

155 3002 234 3074 luce
259 3020 406 3089 ponam,
432 3021 468 3068 et
488 3001 677 3072 summatim
696 3023 873 3085 enarrem,
898 2998 934 3070 in
960 2997 1194 3091 sostenium,
1220 3025 1260 3078 et
1282 2999 1358 3075 vici·

156 3116 201 3167 na
226 3093 299 3163 loca
325 3090 435 3163 seculo
460 3094 561 3184 lili,
588 3117 626 3168 ut
650 3097 747 3184 supra
771 3093 970 3180 observavi,
993 3094 1065 3188 jam
1090 3118 1294 3187 verterunt,
1316 3099 1379 3169 in·

156 3210 280 3283 terque
304 3208 365 3257 cos
391 3191 559 3285 populos,
594 3192 652 3285 qui
679 3189 821 3264 Graecis
843 3189 966 3263 ritibus
989 3188 1145 3282 adsueti,
1173 3213 1212 3266 et
1234 3217 1255 3268 a
1278 3191 1363 3264 Lati·

159 3283 215 3358 nis
232 3280 434 3368 alieniores,
462 3308 575 3367 erant,
601 3288 685 3360 licet
711 3287 841 3360 nobiles
856 3306 892 3358 et
909 3286 1113 3394 Magnetes,
1141 3284 1362 3383 aulam'sequi

158 3380 270 3464 l'oliti,
299 3379 430 3452 Latinis
449 3378 482 3452 se
500 3382 740 3476 adjunxerint,
761 3387 847 3455 bene
863 3400 995 3475 receptt
1013 3381 1109 3472 sunt,
1127 3383 1281 3482 ipsisque
1297 3406 1362 3456 ma·

158 3476 269 3573 jurem
288 3476 402 3547 adhuc
423 3478 623 3548 Latinorum
645 3479 772 3550 rituum
789 3476 1002 3552 aversionem
1018 3475 1253 3572 inspirarunt.
1288 3477 1365 3575 Quo

161 3575 199 3649 itt
226 3568 309 3642 statu
335 3594 387 3640 res
410 3571 602 3645 manserunt
628 3576 669 3647 ad
694 3573 844 3646 medium
868 3575 932 3646 stc.
952 3570 1051 3645 XIV.
1077 3573 1213 3670 usque3
1238 3571 1359 3672 quando

164 3667 304 3745 Carolus
322 3665 386 3738 IV.
407 3670 606 3760 inperator,
633 3690 668 3742 et
685 3666 848 3743 Ernestus
867 3665 1189 3762 Archiepiscopus,
1217 3676 1256 3746 iis
1267 3685 1355 3739 erer-

164 3764 250 3840 citio
268 3759 465 3855 religionis,
490 3761 559 3835 fine
577 3762 696 3837 ritibus
714 3760 862 3852 Latinis,
879 3761 1148 3843 interdixerunt.
1180 3766 1274 3844 Unde
1288 3760 1357 3833 sac·

164 3881 238 3935 tum
257 3855 327 3943 est,
356 3877 413 3945 ut,
439 3861 479 3931 ab
499 3859 541 3931 iis
560 3861 665 3936 alieni
683 3860 823 3940 ritibus,
850 3880 1047 3932 conventus
1063 3885 1175 3956 agere
1195 3852 1365 3954 coeperint

163 3957 203 4037 iu
241 3952 436 4050 montibus,
470 3957 659 4055 speluncis,
696 3978 732 4033 et
763 3953 908 4032 castellis
932 3957 1165 4053 Magnetum,
1195 3958 1252 4058 qui
1279 3951 1368 4053 ipsos

818 4079 820 4082 ’
1252 4067 1361 4152 prote·
