3022 4806
127 608 202 715 tiso
516 610 664 720 llylorio
689 616 814 721 Eccles.
840 608 958 719 s'lrrt'fl.

129 811 295 899 sultorer,
319 822 378 896 et,
403 796 480 900 post
505 797 664 874 solennes
687 797 729 874 ad
755 796 923 898 Spiritum
950 800 988 875 S,
1012 818 1150 897 precer,
1181 796 1354 895 procedi·'

131 930 191 986 tur
213 907 255 983 ad
279 901 538 976 deliberationem
566 897 760 970 citationis.
811 896 847 970 Si
870 917 959 970 vero
986 897 1131 971 dubium
1163 892 1224 985 stt,
1264 918 1347 970 oum

133 1006 272 1081 crimen
296 1001 431 1075 adhoc
455 991 607 1067 officium
641 992 771 1065 sacrum
803 991 1001 1088 pertineat,
1035 992 1179 1067 Theolo
1206 992 1217 1065 i
1244 992 1348 1087 quali·

132 1101 298 1178 nestorea
320 1092 556 1167 consuluntur.
605 1088 681 1184 Ipsa
706 1088 836 1162 citatio
866 1086 919 1162 'est
946 1090 1112 1177 verbalis,
1145 1014 1204 1161 vel
1228 1089 1349 1163 realist

133 1197 254 1296 prior,
281 1190 339 1264 ubi
365 1187 409 1260 de
435 1182 505 1258 levi
528 1183 642 1280 agitur
665 1182 837 1272 crimine,
860 1184 918 1259 vel
950 1184 1082 1260 leviter
1104 1181 1280 1279 suspeRut
1302 1183 1352 1258 est

133 1314 233 1380 reus,
267 1281 440 1383 posterior
463 1278 504 1352 fit
527 1300 589 1374 per
613 1279 949 1369 incarcerationem,
983 1282 1027 1354 ab
1051 1299 1268 1371 executore,
1309 1278 1352 1361 ad

134 1379 354 1484 Inquisitoris
368 1376 590 1465 mandatum,
614 1396 702 1472 qua,
731 1396 803 1450 non
821 1372 894 1448 line
908 1373 1077 1464 vinculis,
1097 1372 1202 1471 saepe
1224 1373 1346 1466 anelis·

132 1482 215 1559 fima
244 1473 434 1552 includitur
456 1470 621 1545 custodia.
669 1469 837 1566 Sequitur
862 1476 897 1545 6.
922 1471 1144 1560 esturmi,
1168 1472 1351 1571 abInqui·

133 1577 240 1653 srtore
267 1594 347 1645 curn
371 1567 528 1642 Notario
555 1563 688 1640 institui
712 1564 849 1641 solitum
876 1568 914 1640 in
942 1588 1100 1657 camera,
1126 1565 1209 1642 alias
1231 1570 1352 1644 mensa

133 1669 222 1749 sacri
238 1666 349 1743 officii
363 1663 476 1752 didia3
501 1661 561 1737 nbi
579 1684 676 1750 reus,
700 1659 835 1757 capite,
859 1663 1032 1753 brachiis,
1049 1680 1088 1736 et
1106 1662 1350 1758 pedibusmn·

133 1767 208 1855 dis,
232 1781 432 1859 comparet,
467 1777 526 1845 et,
561 1754 768 1852 interposito
795 1760 997 1852 juramento
1045 1758 1090 1831 de
1122 1760 1276 1835 veritate
1300 1760 1353 1838 di·

134 1863 266 1952 cenda,
298 1854 448 1933 infinitis
476 1852 638 1927 obruitur
662 1851 921 1950 quaestionibus
951 1855 994 1928 ab
1022 1851 1249 1952 lnquifitore,
1292 1880 1351 1935 ex.

133 1985 188 2062 gr.
213 1978 294 2032 nutn
312 1955 416 2040 sciat,
442 1950 501 2023 ubi
524 1946 591 2022 fitl
615 1968 721 2044 quare
754 1947 790 2021 in
824 1972 905 2024 eum
929 1951 1046 2024 locunt
1074 1947 1225 2024 dusius?
1268 1952 1356 2051 quid

134 2052 375 2153 cogitaverit,
393 2063 452 2120 aut
470 2044 613 2133 iecerit,
631 2041 792 2139 religioni
805 2045 998 2119 catholicae
1013 2047 1258 2120 contrarium?
1284 2050 1346 2123 de·

135 2156 175 2230 in
203 2154 246 2226 de
278 2145 405 2248 patria,
441 2143 588 2231 familia,
621 2139 849 2229 educatione,
883 2137 1173 2231 conversatione,
1207 2144 1353 2237 amicis,

136 2246 313 2333 inimicis,
348 2262 385 2316 et
411 2239 576 2314 similibus
596 2241 695 2310 rebus
716 2236 811 2325 aliis,
846 2234 1102 2334 interrogatum
1136 2236 1231 2332 imo,
1253 2261 1353 2316 -num

138 2366 209 2420 non
234 2335 448 2414 dubitaverit
481 2332 663 2429 aliquando
688 2333 734 2404 de
762 2331 877 2423 aliquo
896 2332 981 2406 fidei
1002 2331 1147 2428 capite‘l
1168 2355 1247 2411 cont
1264 2337 1353 2412 liae·

136 2434 257 2513 seticis
279 2428 442 2506 habuerit
465 2428 602 2522 aliquod
629 2427 912 2501 commercium?
953 2428 1077 2520 legerit
1102 2426 1225 2504 librum
1258 2453 1349 2526 pro·

137 2531 309 2615 bibitum,
342 2523 518 2598 audiverit
550 2518 629 2616 quid
656 2539 778 2594 contra
802 2523 937 2596 fidem?
976 2523 1076 2624 Quae
1101 2525 1269 2618 generalia
1292 2524 1349 2600 in·

136 2639 313 2720 terrogata
346 2618 371 2693 li
403 2619 526 2692 nullam
565 2616 748 2690 elicuerint
779 2619 1051 2709 consessionem,
1091 2619 1133 2692 ad
1168 2619 1355 2718 peculiaria

138 2721 320 2809 emolitur,
353 2737 441 2812 quae
466 2713 658 2803 delicium,
692 2713 789 2808 cujus
811 2715 984 2788 accusatus
1005 2715 1076 2804 est,
1115 2717 1250 2792 direeie
1275 2738 1354 2794 tan·

139 2841 251 2922 gunt3
289 2813 381 2913 quod
404 2830 522 2884 tamen
549 2831 695 2882 examen
727 2830 799 2881 uno
829 2811 988 2882 alterove
1018 2811 1076 2884 die
1101 2810 1178 2910 post
1203 2812 1355 2891 institui·

137 2940 216 3007 tur,
241 2911 379 3011 quando
401 2927 566 3004 rogator,
592 2927 672 2978 num
699 2903 733 2975 se
761 2926 832 2977 non
858 2908 1101 3002 recollegerit,
1127 2926 1164 2982 et
1188 2913 1233 2984 ad
1250 2912 1353 3009 supe·

138 3016 235 3093 riora
262 3008 478 3100 interrogata
507 3000 637 3099 aliquid
664 2999 829 3074 confiteri
863 3023 986 3099 queat,
1030 3002 1136 3093 dein,
1161 3027 1247 3081 num
1275 3031 1354 3086 non

139 3133 198 3188 ex,
223 3127 275 3203 gr.
300 3101 345 3175 de
361 3099 459 3173 missa
474 3099 613 3172 locutus
629 3096 756 3184 suerit,
780 3114 839 3170 aut
856 3099 950 3194 loqui
969 3098 1166 3189 audiverit,
1190 3122 1229 3176 et
1270 3103 1355 3179 uid?

138 3202 291 3297 denique
314 3194 398 3293 quid
422 3193 497 3290 ipse
523 3193 567 3267 de
592 3215 633 3266 ea
655 3193 794 3280 credat,
833 3213 922 3283 ete,
946 3189 972 3265 sr
998 3193 1070 3268 hoc
1088 3196 1218 3270 scilicet
1283 3200 1356 3276 erit

138 3291 365 3380 accusationis
388 3311 505 3386 caput.
558 3287 716 3362 Tandem
751 3289 976 3361 accusationis
1008 3291 1124 3388 capita
1154 3292 1218 3388 ipsi
1248 3298 1355 3371 etthi·

140 3402 290 3481 bentur,
324 3406 363 3462 et
384 3385 427 3462 ad
452 3408 493 3459 ea
517 3386 758 3476 interrogatur.
806 3387 946 3457 lnterea
969 3386 1028 3458 usu
1061 3406 1244 3482 receptum
1278 3393 1357 3485 etr,

140 3512 180 3570 ut
203 3489 250 3564 de
272 3508 361 3560 vero
382 3479 614 3559 accusationis
642 3480 762 3574 capite
784 3479 845 3554 diu
880 3481 1066 3555 admodum
1092 3482 1220 3559 incerti
1243 3489 1357 3565 relin-

137 3604 285 3689 quantur
300 3580 379 3663 -rei,
406 3601 452 3653 eo
475 3578 603 3674 scopo,
628 3594 667 3648 ut
693 3574 781 3648 aliud
809 3577 891 3672 quid
916 3601 960 3650 eu
985 3576 1063 3672 ipsis
1086 3577 1265 3672 eliciatur,
1292 3607 1355 3661 ut.

140 3704 230 3785 qne,
257 3675 409 3753 carceris
434 3673 552 3747 taedio
579 3669 700 3761 fracti,
739 3670 869 3767 aliquid
895 3673 1139 3748 confiteantur.
1189 3677 1356 3757 Utuntur

140 3800 254 3861 autern
280 3767 530 3863 multiplicibus
558 3769 691 3839 artibus
713 3768 755 3839 ad
778 3765 963 3840 eruendam
982 3769 1255 3864 confessionem
1280 3778 1357 3852 sae·

141 3902 190 3980 pe
213 3876 328 3972 jurare
350 3867 457 3941 debet
489 3884 585 3948 reus,
626 3864 725 3955 saepe
750 3861 797 3935 de
828 3862 978 3935 veritate
1001 3864 1151 3940 dicenda
1184 3872 1357 3948 adraone-

142 3999 219 4062 tur,
243 3970 406 4043 adcurate
431 3956 537 4032 etiam
561 3975 725 4042 cavetur,
766 3979 813 4030 ne
838 3981 884 4031 err
908 3958 1134 4058 interrogatis
1157 3971 1357 4067 cognoscat

140 4091 222 4172 10⁰⁸
243 4084 304 4145 aut
324 4062 539 4152 delentem,
562 4070 623 4134 aut
640 4048 759 4136 testes.
801 4053 927 4154 Fingit
940 4056 1196 4160 interrogator,
1220 4068 1260 4145 se
1276 4089 1360 4143 orn·

137 4192 212 4243 tw
1296 4157 1364 4242 nia
