3022 4806
131 600 217 693 m·
535 592 685 693 bilisario
708 592 835 694 Ecclts.
858 592 979 695 Christ.

110 766 353 877 ¹dignitatis,
387 770 506 860 sexus,
549 771 763 865 adfinitatis,
797 791 857 848 aut
879 769 1212 873 consanguinitatis,
1239 770 1410 851 lialiittr

144 878 307 960 noune,
329 873 499 968 jubentur
526 871 585 942 sub
609 869 707 965 gravi
732 894 850 966 poena
872 872 1093 969 haereticos,
1118 870 1174 947 vel
1188 869 1366 945 haeresint

142 967 340 1064 suspectos,
380 966 423 1040 ad
449 967 581 1039 sacrum
607 964 746 1038 deferre
772 968 941 1053 tribunal,
967 970 1059 1043 Intra
1086 970 1166 1058 sex,
1188 986 1247 1041 aut
1271 964 1362 1040 duo·

143 1068 284 1153 decim,
311 1064 393 1137 aliea.
444 1061 602 1155 Quando„
617 1083 685 1135 nec
709 1062 897 1161 con‘ugea,
932 1086 1003 1139 uec
1021 1084 1208 1163 parentet,
1239 1060 1369 1156 liberi,

145 1164 333 1261 aliquoque
359 1160 430 1233 alio
461 1158 609 1231 vinculo
632 1086 826 1253 conjunsli
852 1158 915 1235 libi
939 1160 1096 1237 invicem
1113 1180 1261 1257 parcere
1282 1180 1370 1255 que·

146 1278 222 1336 unt.
273 1253 379 1356 Quod
401 1253 557 1328 edistum
579 1252 662 1327 dein
684 1255 829 1351 jubetur
852 1266 918 1354 ¹per
941 1278 1052 1331 totam
1075 1255 1247 1331 ditionem
1268 1275 1372 1354 prae·¹

145 1357 179 1430 le
205 1354 237 1443 ⁸,
260 1372 300 1425 et
322 1347 406 1423 dein
431 1351 485 1423 bia
506 1352 546 1422 in
563 1370 677 1438 anno,
702 1372 741 1423 ae
759 1352 907 1449 ubique,
927 1353 1046 1448 adfigi.
1095 1351 1236 1449 Quibus
1247 1374 1369 1448 piae·

147 1453 180 1526 le
219 1450 247 1522 ia
270 1447 416 1535 litteris,
447 1445 686 1542 juramentum
710 1447 881 1545 praestant
904 1447 1191 1546 Inquisitoribua,
1224 1448 1287 1545 qui
1312 1447 1371 1522 iii·

147 1541 347 1642 dulgentiat
371 1539 418 1615 iis
440 1544 685 1638 promulgant,
719 1543 780 1637 qui
804 1543 1000 1620 sermonem
1021 1542 1217 1633 audierint,
1251 1562 1292 1619 et
1313 1542 1370 1617 us·

148 1640 233 1717 sicio
265 1637 326 1712 suo
358 1636 560 1735 fungantur.
610 1635 792 1710 Promittit
826 1663 972 1737 quoque¹
998 1638 1189 1739 Inquisitnr
1227 1657 1369 1736 tempus

147 1738 306 1835 gratiae,
342 1733 366 1808 si
393 1734 588 1807 haereticus
612 1732 703 1804 intra
741 1739 895 1808 inensem
921 1737 1045 1833 sponte
1066 1734 1282 1811 confiteatur
1308 1758 1372 1810 co·

146 1855 221 1910 tam
247 1829 429 1918 tribunali,
454 1827 699 1902 inmunitatem
723 1829 890 1905 nimitum
916 1852 1086 1921 amorte,
1110 1830 1370 1923 inmutatione,

148 1929 273 2018 culeo,
307 1945 344 1999 et
360 1924 611 1998 confiscatione
631 1925 814 2002 bonorum.
863 1928 950 2001 Sunt
971 1932 1089 2025 itaque
1113 1928 1254 2001 abhoc
1278 1946 1370 2003 tem·

148 2047 237 2122 pore
260 2043 399 2109 ornnes,
423 2020 484 2094 sub
502 2040 615 2115 poena
631 2023 1032 2114 excommunicationis,
1057 2041 1095 2096 et
1110 2030 1176 2118 pe'r
1185 2022 1369 2118 juramen·

151 2141 249 2208 tum,
268 2114 412 2217 obligati
438 2118 525 2191 alios
552 2118 725 2203 revelare,
751 2137 790 2192 et
808 2121 990 2210 accusare,
1020 2119 1161 2193 nemine
1190 2140 1371 2217 excepto,

149 2237 197 2291 ne
215 2218 419 2312 parentibus
432 2213 591 2309 quidem,
616 2213 744 2304 liberis,
761 2215 989 2312 conjugibus,
1012 2213 1190 2289 amicisve.
1245 2234 1281 2292 a.
1298 2215 1372 2320 Qui

151 2335 241 2385 vero
267 2313 390 2405 sponte
413 2310 503 2380 intra
527 2328 664 2402 tempus
687 2311 819 2405 gratiae
843 2313 1027 2401 venerint,
1068 2330 1106 2384 et
1130 2331 1287 2387 errorem
1311 2314 1371 2388 vel

151 2406 292 2480 crimen
325 2403 577 2485 confiteantur,
621 2405 871 2477 adcuratiffime
903 2407 1184 2503 interrogantur,
1225 2430 1280 2483 ea.
1356 2462 1367 2485 .

151 2497 289 2597 quando
320 2497 358 2569 in
400 2516 534 2568 reatum
565 2495 785 2572 inciderint?
825 2525 890 2597 qua
925 2504 1133 2576 occasione?
1170 2504 1288 2601 quales
1313 2430 1367 2579 Iti·

150 2594 268 2692 gerint
299 2589 432 2665 libros?
465 2590 604 2688 quinam
638 2592 700 2665 sint
724 2600 942 2692 complices?
976 2602 1062 2674 Curii
1087 2597 1316 2690 satisfaciant,
1349 2622 1371 2677 a

151 2690 315 2791 graviore
349 2710 463 2784 poena
497 2689 685 2761 liberantur
707 2692 866 2787 quidem,
899 2694 954 2767 sed
979 2697 1139 2768 censurae
1156 2697 1370 2782 canonicae,

152 2812 220 2888 pro
243 2786 390 2863 arbitrio
415 2781 647 2880 inquisitoris,
676 2786 773 2881 saepe
791 2787 1035 2881 subjiciuntur,
1063 2809 1100 2863 ut
1122 2789 1285 2867 mulctam
1306 2793 1371 2866 sol·

153 2906 262 2978 vant,
304 2881 538 2976 eleemosynas
568 2878 723 2969 saciant,
763 2902 799 2955 et
830 2884 949 2959 similia
982 2887 1228 2982 poenitentiae
1262 2910 1370 2983 opera

154 2985 240 3072 alia,
281 2978 465 3073 aliquando
491 2974 597 3050 etiam
628 2976 761 3054 carceri
785 2981 827 3055 ad
856 3000 993 3078 tempus
1021 2985 1296 3079 mancipantur,
1334 3002 1374 3059 et

155 3080 248 3156 bona
272 3069 514 3147 confiscantur.

204 3169 459 3273 §.CCXXIII
500 3190 537 3262 3.
561 3170 739 3244 Processus
769 3172 845 3269 ipse
877 3169 1112 3268 Inquisitionis
1143 3171 1280 3270 triplici
1316 3172 1373 3250 ino'

154 3269 246 3366 cipit
268 3271 397 3355 inodo,
436 3266 493 3338 vel
521 3291 585 3361 per
607 3267 859 3363 inquifiti‘onein,
902 3292 983 3340 cuni
1016 3268 1091 3362 quis
1123 3269 1372 3367 inquisitorem

156 3365 251 3453 adit,
279 3362 453 3462 publicani
482 3382 616 3437 tantuin
640 3365 675 3436 ei
703 3365 830 3438 famam
855 3364 900 3437 de
926 3364 1101 3439 haeretica
1128 3366 1271 3462 alicuius
1293 3391 1375 3462 pra·

156 3465 266 3538 vitate
287 3457 497 3546 denunciat,
529 3459 668 3556 quando
690 3459 863 3556 inquisitio
887 3464 990 3535 debet
1013 3463 1055 3533 ab
1084 3462 1158 3556 ipso
1186 3462 1376 3559 Inquisito-

157 3583 196 3635 te
226 3554 386 3643 institui,
426 3555 483 3628 vei
513 3578 579 3650 per
602 3555 862 3654 accusationem,
906 3556 964 3630 ubi
1003 3560 1080 3652 quia
1106 3557 1208 3630 alium
1233 3558 1374 3637 diaetis

157 3651 313 3740 accusat,
337 3649 395 3725 sed
422 3650 452 3723 is
478 3648 512 3722 se
535 3652 578 3724 ad
596 3654 712 3748 legem
732 3654 868 3727 talionis
893 3653 1080 3726 inscribere
1101 3653 1227 3744 debet,
1253 3654 1374 3733 sinon

158 3745 384 3855 probaverit,
410 3765 516 3841 quare
542 3745 607 3819 iste
633 3751 757 3823 modiis
780 3747 832 3822 est
858 3750 984 3837 rarior,
1017 3748 1168 3823 maxime
1195 3748 1275 3844 post
1298 3750 1378 3828 Fir·

160 3851 271 3927 caleni
302 3838 560 3928 introductum,
601 3841 660 3938 qui
693 3845 736 3918 ab
768 3843 825 3918 illa
859 3844 1079 3941 obligatione
1111 3844 1267 3922 inmunia
1298 3845 1373 3924 est:

162 3948 221 4025 vel
244 3937 396 4031 denique
426 3957 492 4037 per
522 3937 818 4026 municionum,
859 3962 927 4035 qua
958 3942 1094 4015 delator
1124 3943 1292 4033 declarat,
1338 3943 1378 4020 se

159 4068 228 4152 pei
257 4035 453 4120 mandatum
469 4030 704 4136 *Inquisitorii
733 4037 928 4147 obligatum
961 4037 1018 4132 ad,
1036 4038 1242 4135 minanda,
1282 4050 1380 4221 ‘¹⁰25
