3022 4806
646 530 754 605 Serui.
779 532 881 610 XVI.
1299 541 1370 623 645

147 706 201 787 tio
233 703 433 806 quindecim
466 699 602 777 menses
634 705 791 780 durasset.
841 702 917 802 Qua
947 726 1034 800 pace
1058 703 1159 780 venia
1181 703 1357 802 gestorum

85 889 89 896 ¹
144 804 198 879 est
220 798 397 892 concessa,
437 798 497 897 ipli
525 799 558 871 in
595 802 733 875 tutelam
759 802 876 876 Ducis
898 801 1036 895 recepti
1068 803 1165 891 sunt,
1208 801 1352 878 liberum

144 898 329 998 religionis
354 894 558 972 exercitium
579 894 716 979 darum,
743 901 861 973 exules
886 899 1062 984 revocati,
1088 919 1125 970 et
1146 900 1350 974 incarcerati

143 995 305 1081 liberati,
333 995 424 1066 bona
440 993 558 1065 amill'a
576 991 730 1064 restituta
748 991 822 1066 sunt
845 1009 915 1063 etc.
966 993 1083 1090 Aegre
1107 995 1188 1068 illud
1208 997 1350 1093 quidem

142 1093 297 1165 tulerunt
320 1087 523 1176 Pontificii,
560 1088 646 1180 Papa
671 1112 809 1184 quoque
830 1084 1012 1160 ,effessum
1046 1090 1209 1185 inpedire
1239 1092 1351 1167 voluit

140 1187 262 1285 pacis3
305 1183 359 1257 sed
391 1185 426 1255 in
459 1182 600 1257 callum.
651 1183 735 1255 Nec
766 1182 896 1274 majore
928 1182 1077 1256 successu
1110 1186 1176 1259 alia
1208 1187 1265 1262 via
1288 1202 1350 1263 eo's

145 1299 324 1357 tentarunt
348 1300 497 1367 vexare,
538 1278 589 1353 uti
615 1300 677 1371 per
701 1277 952 1372 disputationes
977 1300 1014 1350 et
1038 1282 1244 1372 calumnias,
1282 1282 1347 1357 eti·

139 1400 196 1450 am
225 1376 400 1473 publicato
424 1371 559 1461 edisio,
592 1397 662 1467 quo
686 1397 790 1446 omne
814 1376 1064 1447 commercium
1089 1396 1125 1448 et
1150 1379 1348 1472 negotiatio

142 1470 344 1546 Pontificiis
379 1489 520 1542 vetatur
551 1491 631 1540 curn
655 1468 896 1543 Waldensrbus
929 1493 958 1541 a.
988 1493 1114 1563 1593.;
1147 1475 1223 1567 lpse
1253 1475 1349 1549 enim

140 1567 227 1640 Dur
250 1562 457 1655 intercessit,
490 1564 738 1637 commercium
764 1564 886 1657 jubens
908 1561 984 1635 fore
1008 1571 1167 1642 liberum.
1214 1567 1343 1646 instru-

137 1681 258 1734 rarunt
287 1676 470 1755 praeterea
499 1682 553 1731 res
581 1657 652 1730 snas
680 1659 875 1744 Vallenses,
907 1680 1071 1751 quantum
1106 1683 1208 1757 pote,
1242 1663 1348 1760 adjuti

139 1778 278 1866 quoque
305 1752 457 1827 subsidiis
484 1753 762 1842 Genevensrum,
796 1752 1057 1841 Helvetiorum,
1090 1777 1127 1829 et
1151 1758 1347 1836 Protestan·

137 1869 230 1947 trum
253 1848 288 1923 in
314 1848 510 1924 Germania.
560 1847 629 1920 Sed
662 1872 706 1922 ne
740 1847 786 1921 src
815 1848 956 1944 quidem
984 1871 1070 1944 pace
1099 1851 1182 1946 ipsrs
1203 1855 1346 1947 permis·

135 1943 212 2021 sum
230 1944 281 2020 est
304 1943 395 2034 frui,
426 1966 505 2017 curn
533 1943 662 2038 saepius
692 1942 773 2019 dein
801 1943 940 2034 vexati,
972 1964 1009 2016 et
1034 1950 1154 2021 multas
1177 1949 1257 2042 palii
1284 1951 1348 2027 smt

137 2041 420 2142 persecutiones,
470 2058 639 2113 errorum
660 2041 730 2115 boc
752 2039 922 2128 seculum:
948 2060 1089 2135 quarum
1105 2063 1264 2118 accurata
1285 2069 1350 2121 no·

140 2137 221 2212 titia
245 2139 321 2232 peri
347 2154 429 2231 pote
485 2157 529 2206 ex
559 2133 669 2208 Gillit

140 2278 149 2327 .·
189 2231 222 2331 ς.
247 2232 413 2305 DXClll.
455 2228 561 2301 Anno
594 2235 722 2321 15⁶5,
764 2247 803 2305 ut
831 2227 959 2328 aliquas
992 2253 1112 2308 earum
1144 2231 1252 2312 lineas
1285 2235 1347 2314 du·

140 2349 243 2414 cam,
266 2349 344 2400 curn
369 2323 547 2400 Vallenses
568 2325 660 2422 pasti
685 2324 774 2398 male
796 2324 968 2401 observati
994 2328 1234 2406 accusarentur
1257 2334 1347 2432 apud

140 2425 301 2507 Ducem,
326 2419 367 2494 ad
390 2443 452 2494 eor
472 2418 591 2497 misius
613 2419 665 2494 est
688 2419 866 2497 Toscanus
889 2426 931 2502 alt
959 2425 1029 2511 uis,
1055 2426 1198 2503 nomine
1221 2430 1345 2506 Sebasv

140 2517 256 2593 tianus
278 2515 453 2590 Gratiolus
484 2515 528 2588 de
552 2512 769 2606 Castracaro,
801 2516 919 2612 postea
971 2519 1143 2595 astralarus
1167 2522 1240 2600 dici
1265 2523 1358 2602 soli-⁴

139 2632 214 2706 tus,
248 2616 307 2710 qui
331 2612 432 2684 antea
460 2608 551 2702 inter
580 2609 776 2685 Praefecto·
804 2617 982 2708 copiarum
1015 2614 1351 2697 sub1ComiteTri·

138 2707 259 2783 nitatis
281 2706 398 2781 locum
425 2724 596 2794 tenuerat,
640 2706 897 2782 aVallensrbus
924 2730 1065 2805 captus,
1105 2712 1194 2784 bene
1219 2734 1350 2813 excep·

140 2822 197 2877 tus
224 2803 307 2876 licet
335 2823 372 2874 et
400 2799 572 2887 dimissus,
605 2824 725 2874 verum
750 2823 955 2968 prrgterca,
998 2822 1034 2874 et
1061 2806 1107 2876 ob
1133 2806 1213 2879 alias
1238 2814 1351 2884 ratio·

140 2922 225 2985 nes,
251 2895 367 2970 hollili
392 2894 427 2968 in
450 2919 511 2968 eos
535 2915 606 2967 erat
627 2895 755 2968 animo.
842 2896 972 2971 brinuit
995 2897 1205 2992 dignitatem
1230 2922 1268 2976 et
1284 2926 1349 3001 po·

137 2992 299 3066 testatem
326 2991 578 3064 Gubernatoris
612 2990 763 3064 Vallium
796 2992 993 3082 Lucernae,
1038 2995 1266 3091 Angruniae,
1306 3001 1344 3076 8.

139 3084 329 3176 Martini,
354 3105 391 3158 et
416 3085 675 3180 Rocheplutae,
719 3091 862 3181 egregia
894 3089 970 3161 usus
1000 3087 1129 3166 fraude.
1180 3091 1354 3181 Duciuae,

138 3180 233 3258 enim
257 3179 434 3276 promisit,
460 3178 495 3253 se
513 3197 728 3268 curaturum,
757 3201 792 3254 ut
816 3181 950 3276 pastum
968 3185 1207 3260 observaretur
1230 3189 1346 3266 inuio·

140 3281 246 3356 latum
272 3296 394 3351 contra
419 3273 628 3350 Vallensium
653 3276 788 3365 hostes,
814 3276 1092 3373 Arcbiepiscopo
1118 3303 1204 3354 vero
1220 3284 1348 3362 Tauri·

141 3371 258 3458 nenli,
292 3390 330 3443 et
354 3370 429 3444 aliis
454 3371 637 3458 Praelatis,
671 3391 708 3444 ut
734 3370 858 3466 religio
882 3373 1066 3446 Pontificio
1092 3373 1347 3457 instauraretur.

139 3462 267 3542 'Statim
290 3488 332 3538 ac
357 3466 398 3539 ad
422 3465 627 3548 eosvenit,
653 3465 790 3561 pscium
818 3469 859 3539 ab
885 3465 928 3539 iis
953 3468 1118 3542 violatum
1145 3468 1224 3565 ipsrs
1249 3480 1347 3571 obje-

137 3561 209 3648 cit,
233 3558 497 3655 proposuitque,
524 3557 667 3632 nornine
684 3560 813 3648 Ducis,
840 3560 864 3633 fi
889 3564 925 3633 in
945 3583 1028 3652 pace
1047 3564 1168 3638 vivere
1192 3574 1344 3658 veilent,

140 3675 182 3730 nt
206 3671 388 3727 extraneos
433 3652 558 3729 astures
576 3655 721 3729 habeant
737 3659 869 3743 nullos,
893 3656 1019 3751 eosque
1045 3659 1234 3758 recipiant,
1260 3685 1347 3759 quos
1452 3667 1455 3672 ’

140 3751 226 3826 Dux
251 3747 333 3859 ipsis
357 3679 514 3837 deictis,
548 3750 653 3823 nullas
687 3775 768 3824 curn
795 3750 870 3824 aliis
901 3751 1121 3849 Principibus
1151 3777 1209 3829 aut
1232 3758 1346 3838 borni·

140 3846 242 3921 nibus
264 3859 382 3916 meant
406 3841 602 3934 societates,
636 3846 740 3919 nullas
762 3847 891 3920 litteras
916 3870 974 3924 aut
1004 3850 1111 3925 libros
1136 3851 1180 3921 de
1206 3853 1349 3953 religio·

139 3955 189 4017 ne
212 3942 250 4016 iu
271 3935 495 4020 uismittant
517 3941 614 4035 lucu,
641 3942 735 4113 Dffii
761 3941 924 4038 subjecta.
971 3942 1200 4045 Quibuscum
1222 3971 1351 4027 exuo·
1430 4016 1433 4024 „

730 4060 900 4144 mmma
1319 4063 1364 4136 m
