2976 4830
122 594 201 672 412
507 557 654 655 Historia
676 562 806 665 Ecclcs.
832 562 948 665 cirili.

128 756 186 831 rio
215 749 237 824 1.
263 743 403 821 XXIV.
428 737 517 813 haud
541 739 660 833 procul
683 762 703 813 a
726 741 796 814 fine
820 759 939 838 patet3
969 742 1094 840 absque
1126 740 1271 832 tamen,
1304 757 1339 819 ut

128 870 250 926 verum
282 838 410 916 Christi
439 858 567 928 corpus
600 834 711 908 adesse
736 839 931 934 negaverit.
982 840 1118 916 Tenuit
1143 843 1243 916 euim
1268 841 1336 913 lcu-

129 942 381 1023 uomachorum
406 932 611 1028 opinionem
635 931 703 1004 sec.
731 933 834 1006 Vlll.

179 1040 211 1138 ᾗ.
238 1029 497 1110 CCCLXVlll.
531 1028 777 1124 Adjungantur
810 1026 874 1125 ipsi
905 1028 975 1103 duo
1007 1031 1081 1126 ejus
1104 1026 1265 1103 acerrimi
1284 1024 1334 1101 ad·

132 1134 220 1213 vers
235 1132 301 1216 rii,
334 1127 523 1201 Barlaamus
553 1143 591 1195 et
622 1122 828 1216 Acyndinus
852 1125 944 1198 unde
969 1123 1211 1199 Barlaamistae
1234 1143 1272 1199 et
1291 1121 1333 1193 A·

132 1155 344 1329 cyncinlstae
376 1220 451 1293 sunt
483 1214 582 1292 diiii.
621 1219 780 1292 Barlaorn
812 1218 878 1293 suit
911 1222 1073 1309 Calaber,
1107 1244 1152 1294 ex
1178 1224 1262 1294 urbe
1283 1220 1334 1292 Sc·

135 1322 281 1405 minaria
313 1315 497 1400 oriundus,
530 1312 639 1388 tribus
662 1313 824 1388 adsumtis
840 1315 1004 1423 personis
1027 1315 1200 1406 famosus,
1224 1333 1260 1388 et
1281 1331 1334 1409 pet

135 1411 408 1500 controversum
441 1407 679 1482 Palamiticam
710 1410 965 1486 celeberrimus.
1015 1413 1117 1484 luter
1140 1409 1286 1485 Latinos
1303 1429 1334 1480 e·

135 1520 279 1594 ducatus
311 1529 431 1580 eorum
455 1503 589 1578 causam
616 1505 691 1601 egit
714 1524 837 1580 contra
860 1505 1033 1595 Graecos,
1058 1508 1143 1580 dein
1170 1508 1212 1580 ad
1238 1507 1335 1579 Grae

136 1634 200 1688 cos
226 1608 378 1691 delatus,
405 1601 474 1675 sese
497 1598 628 1672 Latinis
649 1600 834 1697 opposuit,
859 1621 895 1673 et
918 1601 961 1674 ab
986 1604 1190 1697 Inperatore
1214 1603 1338 1697 legatur

139 1708 184 1782 ad
214 1706 311 1800 Ipsos
334 1697 473 1784 missus,
507 1696 686 1790 Synodum
715 1697 912 1792 generalem
941 1694 1098 1785 sortiter,
1132 1698 1193 1770 sed
1217 1696 1257 1771 in
1278 1690 1338 1767 cas·

139 1803 234 1886 sum,
261 1795 360 1871 ursrt:
386 1790 520 1865 exstant
555 1789 631 1864 illae
664 1791 852 1864 Orationes
875 1790 962 1884 apud
987 1792 1160 1865 Bzovium
1183 1816 1214 1867 a.
1244 1810 1341 1887 1339·

139 1895 303 1990 Denique
328 1914 407 1962 cum
433 1883 618 1958 Palamitue
640 1886 730 1980 apud
753 1888 989 1983 inperatorem
1015 1888 1147 1983 primas
1165 1905 1341 1970 tenerent,

139 1992 211 2068 sese
249 1987 358 2062 rursus
389 1982 431 2055 ad
463 1980 603 2052 Latinos
634 1980 803 2070 contulit,
836 2005 1027 2078 eorumque
1056 1984 1193 2056 causam
1225 1999 1345 2056 coutrt

143 2091 297 2163 Graecos
331 2077 438 2152 tuitus
470 2075 539 2151 est:
567 2098 671 2172 quare
707 2073 818 2148 saurus
848 2075 900 2149 est
938 2077 1138 2170 Episcopus
1170 2079 1345 2175 Gyraceu·

142 2186 204 2270 irs,
231 2182 289 2255 seu
315 2170 551 2260 Hieracensrs‚
576 2174 615 2244 in
639 2193 749 2265 regno
765 2172 1013 2263 Neapolitano,
1065 2175 1166 2272 Quae
1184 2174 1347 2264 personae

144 2277 294 2353 mutatio
332 2275 370 2345 in
409 2269 506 2340 causa
546 2265 631 2354 suit,
674 2289 778 2361 quare
812 2269 964 2340 nonnulli
999 2269 1088 2341 duos
1125 2267 1350 2342 distinxerint

142 2372 356 2453 Barlaamos‚
383 2362 453 2434 fine
485 2361 592 2434 solido
627 2360 861 2435 fundamento.
911 2362 993 2437 Vid.
1026 2362 1180 2460 Basnage
1209 2366 1246 2438 iu
1275 2362 1348 2435 Ob·

144 2464 343 2542 servatione
360 2453 538 2552 praemissa
558 2452 725 2548 opusculis
741 2457 903 2530 Barlaami
921 2460 1010 2554 apud
1029 2457 1213 2533 Canisrum.
1257 2458 1344 2528 Cum

143 2582 233 2636 vero
268 2560 363 2628 inter
389 2550 540 2622 Graecos
564 2550 771 2638 versaretur,
803 2551 929 2626 incidit
954 2555 992 2625 in
1015 2555 1211 2628 Monachus
1232 2549 1345 2644 Hesp·

144 2650 298 2739 challac,
322 2670 427 2742 quos,
452 2665 569 2717 errore
600 2667 720 2719 eorum
753 2647 950 2735 intellecto,
983 2647 1158 2723 accusavit
1179 2644 1265 2744 apud
1288 2645 1349 2741 10·

93 2838 96 2848 Ι
143 2754 296 2828 hannem
320 2738 552 2818 Patriarcham
577 2741 732 2830 CPolit.,
751 2760 786 2813 et
814 2766 1016 2837 oppugnare
1038 2745 1183 2840 coepit:
1208 2762 1353 2841 quorum

144 2842 280 2925 causam
309 2862 388 2914 curn
420 2837 568 2910 Palumas
600 2836 787 2931 susceperit
820 2839 1001 2927 tuendam,
1038 2860 1153 2914 motus
1182 2839 1263 2912 inde
1285 2830 1355 2911 orti

145 2945 236 3020 sunt.
285 2935 394 3010 Varia
417 2929 550 3027 scripsrt
575 2954 639 3026 pro
663 2934 799 3006 Latinis
822 2950 859 3004 et
882 2953 1003 3007 contra
1026 2957 1106 3024 eos,
1132 2958 1281 3030 quorum
1296 2933 1354 3008 ali·

148 3059 217 3134 qua
250 3030 397 3107 exstant.
447 3027 566 3098 Edidit
599 3028 777 3100 nonnullas
809 3025 977 3121 Epistolas
1002 3051 1065 3121 pro
1088 3033 1190 3105 causa
1215 3030 1357 3103 Latino·

145 3155 245 3215 sum,
278 3144 316 3197 et
347 3123 391 3196 ad
424 3120 589 3194 unionem
623 3119 833 3215 spesiantes‚
863 3120 1013 3195 Canisrus
1038 3122 1162 3216 Antio.
1194 3125 1357 3203 Lesbium

146 3246 234 3301 tom.
258 3221 326 3295 lV.
378 3215 496 3293 Variis
523 3239 606 3290 vero
628 3215 797 3311 epistolis,
817 3220 889 3311 jum
916 3216 1104 3311 Episcopus
1132 3220 1354 3315 Gyracenfit,

150 3313 383 3395 demonstrare
406 3331 550 3391 conatus
582 3311 650 3401 est,
674 3314 867 3385 Romanam
898 3311 1083 3386 Ecclefiam
1118 3317 1192 3390 esse
1222 3340 1356 3404 veram,

151 3419 369 3493 Graecorum
401 3432 488 3483 vero
520 3405 762 3481 schismaticam
790 3431 860 3480 non
886 3425 1040 3496 tantum,
1064 3406 1120 3481 sed
1146 3432 1183 3484 ct
1212 3410 1359 3487 haereti·

149 3535 238 3588 cam.
290 3505 461 3603 Spiritum
484 3503 519 3577 S.
545 3501 613 3576 else
637 3526 681 3576 ex
703 3504 805 3576 Patre
827 3504 981 3597 Filioque
1003 3504 1122 3578 multis
1146 3506 1358 3602 argumentis

148 3604 329 3684 subtilibus
368 3604 504 3691 prohat.
558 3599 703 3671 Librum
742 3599 816 3692 ejus
851 3619 976 3672 contra
1015 3601 1207 3678 Primatum
1251 3605 1359 3698 Papae

148 3703 220 3780 luci
252 3697 413 3795 exposuit
444 3693 621 3768 Salmasius
648 3694 690 3770 ad
723 3696 852 3768 calcem
886 3695 964 3767 libri
991 3696 1034 3768 de
1058 3698 1209 3773 Primatu
1235 3701 1362 3794 Papae.-

149 3805 315 3876 Ceterum
340 3789 455 3863 varios
473 3787 508 3861 ei
527 3788 701 3886 inputavit
719 3812 853 3862 errores
870 3790 1038 3876 Simeon,
1062 3792 1359 3893 Archiepiscopus

148 3883 464 3975 Theffaloniceusrs
491 3883 554 3959 sec.
579 3885 684 3972 XV.,
710 3886 748 3957 in
772 3887 891 3980 Opere
914 3884 959 3957 de
975 3887 1062 3982 fide,
1086 3891 1206 3964 ritibus
1225 3886 1362 3986 erotus·

144 3995 238 4086 tersit
272 3978 530 4086 Ectlestallitis:
572 3978 669 4066 iuter
698 4003 784 4077 quos
814 3979 888 4076 est,
927 4003 1053 4078 preces
1086 3984 1207 4082 lingua
1237 3990 1365 4161 igffi
