2976 4830
100 436 178 517 tto
479 430 630 532 utnon
652 428 936 532 necor-mre

109 607 335 689 franciscum
358 610 409 704 1.‚
432 610 622 689 Gailiarum
644 611 784 710 Regem
806 632 846 689 et
869 612 994 708 ipsum
1021 608 1193 690 &biom
1207 608 1330 695 vm

109 730 337 808 peratorem3
370 710 430 807 qui
454 733 578 784 omues
602 730 665 805 per
690 711 847 796 iniiam,
881 730 924 783 et
947 711 1067 806 ipsam
1094 712 1246 787 Romam
1255 766 1267 803 ‚
1286 719 1330 789 in·

111 826 236 903 genter
259 802 547 879 circumtulerunt
571 804 757 879 caederet
781 804 1016 880 vastationes.
1067 807 1211 880 Romae
1223 830 1332 905 captat

107 921 149 974 et
167 898 334 973 diritiime
352 902 517 976 tradant
535 924 592 974 ex.
610 922 662 994 gr.
686 923 706 971 a
721 901 871 974 ducibus
884 901 1050 974 Caesaris
1063 904 1147 978 Car.
1166 904 1216 976 V.
1239 910 1328 978 adcu-

106 1017 187 1071 rata
202 995 314 1069 exstat
338 999 491 1068 narratio
515 997 553 1068 in
569 1020 650 1067 nova
666 999 846 1068 coileiiitne
861 1015 1146 1070 monumentorum
1169 999 1328 1075 Homn-

108 1092 152 1171 ni
180 1110 267 1165 tom.
294 1094 324 1162 1.
349 1115 452 1188 quam
478 1116 586 1164 nemo
613 1092 684 1164 srne
707 1094 852 1165 horrore
877 1093 1032 1185 legerit:
1066 1096 1238 1190 rapinae,
1260 1118 1331 1167 cte·

110 1187 195 1273 det,
230 1185 334 1281 pestis
367 1209 403 1259 et
432 1186 561 1273 samer,
593 1208 871 1276 concurrerunt,
902 1209 940 1258 et
975 1190 1145 1262 terribile
1167 1192 1329 1266 dederunt

111 1282 371 1378 trementum,
397 1284 512 1354 sacrae
530 1303 668 1376 quoque
684 1285 851 1375 personae
865 1303 905 1355 et
924 1305 985 1354 ret
999 1252 1247 1378 indigniffime
1259 1288 1328 1360 sunt

111 1380 292 1551 gadarae.
314 1376 387 1454 rid.
401 1380 525 1454 Adoni
541 1378 695 1451 Reisneri
712 1375 808 1452 testis
822 1378 954 1453 oculati
973 1377 1053 1452 aeta
1068 1380 1329 1480 frienrpergita

113 1620 121 1633 .
432 1591 466 1641 n.
491 1567 722 1664 Reliquorum
745 1592 833 1643 uero
859 1564 1062 1644 Dodomm
1086 1588 1127 1643 et
1143 1570 1327 1648 urceorum

117 1659 295 1738 Ecclesiae
326 1661 606 1751 obscurationem
638 1687 678 1739 ut
709 1666 745 1738 in
771 1686 827 1737 tot
852 1665 1125 1738 Monachornm
1147 1669 1328 1747 Ordinibut

113 1765 269 1849 exortia,
294 1762 354 1856 qui
373 1761 418 1831 de
435 1761 627 1832 Redorum
644 1759 815 1834 Ecciefiae
831 1760 1004 1853 dignitate
1019 1781 1060 1832 et
1078 1761 1235 1859 puritate
1250 1766 1327 1837 mul·

115 1872 194 1927 tum
216 1859 466 1930 detraxerunt:
492 1855 540 1930 fic
563 1857 598 1927 in
622 1857 834 1931 notioribus
856 1854 1110 1946 Scholasticis,
1140 1878 1324 1955 eorumque

32 1964 39 1971 '
114 1948 364 2047 subtilitatibut
389 1952 552 2023 errauit
581 1952 859 2046 quaestionibus,
891 1952 1019 2049 quibua
1048 1974 1175 2026 veram
1204 1954 1324 2029 doetri-

113 2065 196 2120 nam
221 2069 260 2123 et
283 2048 453 2144 pietatem
478 2046 623 2120 multum
644 2048 887 2136 obscurarunt,
910 2045 1127 2140 conspicuae
1143 2046 1232 2124 suut.
1273 2049 1328 2123 Ne

116 2162 212 2221 nunc
234 2147 280 2217 de
307 2142 543 2217 Waldensrum
568 2143 780 2235 aliorumque
797 2141 974 2225 tormina,
1000 2164 1068 2248 qua
1086 2146 1326 2219 erroresetsu·

116 2237 344 2335 perstitiones
369 2237 563 2347 Dotiorum
586 2258 625 2347 et
648 2239 839 2311 Refiiorum
860 2235 1133 2311 Pontifictorum
1158 2241 1199 2313 in
1221 2243 1324 2315 lucen

116 2333 702 2536 prgtraggffilaxrlromgtoffid'
725 2427 818 2524 quod
832 2428 901 2501 hoc
917 2448 1002 2520 prae
1017 2426 1163 2525 reliquit
1176 2431 1327 2528 quadran

118 2521 336 2611 Reciorum,
354 2542 390 2594 et
407 2522 565 2596 Civitatis
580 2545 617 2597 et
635 2525 824 2611 Ecclesiae,
842 2547 904 2618 per
918 2544 1030 2596 toturn
1049 2527 1237 2599 Orientem
1253 2528 1328 2597 mus-

120 2618 271 2692 tistriam
296 2618 597 2706 obscurationem,
623 2641 692 2691 non
712 2637 848 2691 tantum
874 2642 937 2711 per
956 2620 1127 2709 latinos,
1153 2623 1214 2718 qui
1231 2621 1324 2716 ipson

121 2715 239 2808 Regni
256 2717 475 2808 Metropolin
494 2712 817 2808 Constantinopolin
837 2714 1045 2807 aliquamdiu
1064 2734 1268 2802 tenuerunt,
1291 2730 1323 2787 et

121 2813 219 2883 varia
251 2813 337 2884 mala
362 2811 508 2886 Graecis
534 2813 740 2885 inflixerunt
767 2834 830 2903 per
853 2808 1114 2903 Expeditiones
1139 2814 1322 2885 Cruciatur:

122 2905 183 2982 sed
210 2909 397 3000 praecipue
420 2930 482 3001 per
507 2906 641 2980 Turcas
666 2906 887 2987 Osrnanidas‚
914 2908 973 3002 qui
990 2926 1056 2998 per
1073 2907 1261 2982 maximam
1275 2906 1330 2976 hu·

122 3003 178 3098 jus
204 3003 340 3072 Periodi
364 3024 497 3095 portem
518 3004 560 3072 ab
584 3002 695 3076 initiis
710 3004 784 3074 Sec.
807 3000 909 3073 xlv.
936 2997 1074 3093 grassati
1091 3005 1188 3091 sunt,
1211 3022 1249 3074 et
1264 3020 1328 3072 tau·

125 3098 207 3169 dem
231 3096 338 3190 ipsum
367 3097 528 3188 Regnum
552 3099 710 3171 Orientis
733 3095 995 3185 destruxerunt,
1020 3096 1101 3169 sede
1122 3097 1255 3191 inperii
1270 3095 1330 3168 fixa

127 3188 445 3284 Constantinopoli.
495 3194 594 3265 Haec
618 3195 738 3288 utique
759 3192 798 3264 in
824 3191 976 3286 emphasr
1001 3189 1072 3265 suit
1096 3191 1147 3267 fic
1169 3192 1328 3266 diebou

128 3286 281 3369 scuratio
296 3286 528 3360 Luminarium
538 3287 763 3374 coelestium,
792 3306 829 3359 ut
846 3286 927 3360 iilud
942 3288 1125 3360 Embiema
1143 3288 1225 3362 sumi
1240 3287 1328 3360 solen

472 3386 539 3456 Sed
563 3407 665 3477 quare
689 3383 811 3455 tertiae
834 3400 966 3455 tantum
990 3385 1101 3456 Partis
1115 3383 1161 3457 fit
1176 3381 1329 3457 mentio?

130 3476 239 3572 Resp.
265 3476 422 3573 respeeiu
446 3482 593 3555 universi
618 3480 724 3553 Orbis
746 3476 950 3583 Christiani,
982 3480 1042 3573 qui
1069 3478 1131 3551 iric
1154 3478 1331 3573 complexe

130 3574 300 3658 sumitur3
326 3598 430 3668 quum
457 3576 537 3662 Soi,
562 3579 680 3662 Luna,
704 3594 742 3647 et
765 3575 892 3646 Stellae
909 3593 1171 3662 memorentur,
1195 3595 1233 3646 ut
1248 3576 1330 3644 beot

130 3670 271 3744 necavit
293 3671 332 3740 C!
373 3669 546 3766 Vitringa.
594 3670 675 3768 Qua
692 3670 827 3741 ratione
845 3669 868 3742 s1
886 3690 940 3740 res
957 3669 1136 3764 capiatur,
1162 3668 1260 3743 facile
1271 3687 1322 3754 ap·

131 3789 250 3860 parer,
274 3787 372 3856 quam
404 3786 484 3855 apte
515 3767 639 3838 tertiae
672 3762 782 3858 partis
811 3764 1004 3838 obscuratio
1028 3766 1092 3839 hic
1115 3765 1330 3849 exhibettur3

56 3912 67 3925 ·
131 3860 286 3946 stOrbit
313 3858 527 3940 Christianus
551 3861 737 3938 Orientalis
757 3881 821 3958 per
855 3859 995 3942 tertiam
1018 3881 1099 3941 eam
1121 3863 1254 3936 Partem
1279 3854 1332 3928 in·

1157 3954 1332 4048 telligatur.

20 3980 316 4424 Λ
