3022 4806
42 37 1393 395 —

866 460 873 477 Ο

133 626 202 706 332
514 578 661 697 Hssoeia
686 543 815 697 Ecelts.
838 596 957 696 Clarill.

136 782 209 857 ruit
233 781 347 856 laurea
372 775 511 876 poetica
535 772 696 849 coronari
723 777 759 855 in
792 778 959 876 oapitolio
988 775 1189 854 Romanoa
1212 777 1353 854 cubet.

139 879 314 954 natoribua
338 873 430 946 urbia
451 895 482 945 a.
517 892 620 965 134¹·
651 871 802 947 Delituit
828 890 945 948 autern
977 873 1127 971 primurn
1148 879 1336 949 inamoena

165 977 285 1046 uadum
318 967 450 1045 Galliae
485 971 594 1052 valle,
619 989 720 1062 quarn
754 966 899 1065 clarescat
931 992 1084 1062 vocant,
1109 972 1195 1046 nand
1226 963 1336 1066 procul

138 999 346 1154 dvenione,
372 1062 491 1136 sludiir
508 1085 646 1154 operam
664 1067 768 1154 dans3
792 1068 873 1137 dein
890 1066 1042 1140 Clericus
1056 1088 1115 1156 ,ee
1130 1069 1344 1140 Archadiaeu·

138 1187 203 1239 nus
236 1158 439 1245 Parmensis,
464 1157 615 1254 denique
644 1159 839 1232 Canonicur
862 1160 1068 1249 Patavinua,
1094 1160 1275 1236 renuens
1295 1151 1351 1230 est

141 1261 218 1332 sere
254 1254 532 1351 septuagenarius
555 1277 586 1327 a.
615 1275 719 1348 1374.
751 1253 895 1350 Scripsit
912 1259 1025 1347 varia,
1051 1276 1091 1330 ut
1107 1278 1289 1353 poemata,
1312 1276 1374 1324 e‘

140 1351 303 1452 pistolar,
337 1348 489 1442 altosque
519 1348 707 1447 tractatur:
743 1350 780 1423 in
815 1353 940 1458 quibua
963 1353 1070 1426 multa
1094 1370 1283 1424 occurrunt
1304 1352 1391 1420 d&

63 1480 69 1493 ·
140 1447 368 1541 corruptione
392 1440 443 1515 sui
468 1444 655 1553 temporit,
679 1442 717 1516 in
743 1444 878 1539 specte,
904 1450 999 1521 aulae
1025 1447 1226 1520 Romanae:
1252 1444 1391 1546 quan!

140 1539 235 1614 vivia
257 1538 418 1635 depingit
450 1539 648 1628 colonbut,
678 1537 755 1611 imo
778 1543 1009 1636 Babylonem,
1037 1560 1075 1614 et
1105 1543 1391 1630 meretrice-mr

140 1635 436 1732 Apocalypticam
464 1633 589 1707 diserte
612 1634 769 1729 adpellat.
815 1637 903 1711 Vid.
919 1637 1114 1709 Mornaeur
1139 1639 1159 1713 l.
1188 1643 1250 1713 cit.
1274 1635 1346 1710 Dis·
1376 1654 1391 1673 ¹

140 1731 272 1828 cipulut
298 1731 392 1826 ejus,
416 1728 478 1823 ipsi
509 1729 640 1801 rnerito
664 1729 923 1826 adjungendus,
949 1730 1015 1804 luit
1030 1730 1209 1824 Johannes
1226 1736 1343 1806 Bocca-

143 1843 231 1909 tuts,
257 1844 354 1897 natur
370 1822 519 1898 Cerraldi
534 1821 570 1897 in
590 1824 764 1913 Thuscia,
782 1846 818 1898 et
835 1850 866 1900 a.
889 1848 993 1923 1375.
1010 1826 1060 1900 ibi
1075 1851 1247 1904 mortuus.
1270 1831 1347 1902 Pro·

141 1921 276 2021 pensror
296 1941 376 1993 cum
403 1919 488 1992 esset
517 1919 560 1992 ad
590 1917 762 1993 obscoena
786 1921 957 2012 carmina,
990 1921 1102 1996 sertur
1127 1947 1211 1998 curn
1233 1925 1351 1998 muttit

143 2016 376 2118 praedielione
400 2011 594 2087 absterritus
609 2037 628 2088 a
645 2016 679 2087 S.
690 2014 793 2086 Petro
809 2017 982 2105 Patrono,
1001 2017 1038 2090 in
1053 2017 1140 2092 aetia
1156 2019 1349 2096 sanetoruu

143 2115 259 2207 Maji5
286 2110 405 2208 utique
438 2109 475 2184 in
502 2110 637 2186 Latinlt
666 2110 741 2206 ejus
768 2110 901 2206 scriptia
931 2115 1021 2186 nulla
1048 2114 1151 2207 hujus
1178 2115 1352 2215 nequitiae

143 2216 370 2304 reperiuntur
395 2206 548 2301 vestigia.
590 2208 678 2280 Sunt
693 2225 807 2279 autem
835 2208 1070 2304 Genealogiae
1094 2211 1277 2301 Deorum,
1310 2213 1353 2287 de

145 2309 342 2393 montium,
367 2301 559 2396 sylvarum,
585 2320 678 2387 ete,
703 2300 918 2390 nominibus,
944 2309 989 2376 de
1013 2303 1114 2377 claris
1130 2311 1350 2399 mulieribus,

141 2397 330 2470 decafibua
348 2396 498 2465 virorum
516 2415 554 2464 et
572 2394 802 2468 foeminarum
814 2397 992 2471 illustrium
1011 2420 1078 2472 etc.

189 2488 224 2583 s.
250 2489 418 2562 CCXClI.
455 2486 607 2558 Graecae
639 2487 953 2583 linguae-studium
988 2496 1082 2567 inter
1119 2497 1263 2571 Latinor
1290 2520 1344 2571 re·

143 2585 307 2670 vocavit,
340 2581 517 2676 postquam
544 2604 607 2675 per
630 2582 870 2678 septingentos
893 2613 1002 2661 annor
1026 2589 1061 2660 in
1089 2592 1189 2665 ltalia
1214 2593 1347 2690 prorsus

141 2677 334 2779 negledlum
356 2673 535 2770 jacuislet,
563 2678 712 2749 Mithres
736 2681 960 2777 Cltrpsoloror,
983 2684 1042 2778 qui
1071 2686 1271 2777 aJohanne
1290 2692 1347 2763 Pa·

141 2779 300 2873 laeologo
318 2772 433 2847 missus
453 2772 488 2843 in
512 2771 767 2862 Occidentem,
793 2794 828 2846 ur
846 2779 1048 2851 Latinorum
1072 2802 1200 2855 contra
1220 2787 1350 2863 Tutcar

143 2875 330 2972 inploraret
356 2890 481 2962 opem,
506 2865 552 2938 ibi
577 2870 723 2958 mansit,
749 2871 920 2967 variisque
937 2876 974 2947 in
994 2875 1079 2947 locis
1101 2877 1228 2951 habuit
1246 2881 1349 2956 Grae·

143 2995 207 3048 cae
232 2968 369 3058 linguae
390 2961 655 3048 institutiones,
690 2986 727 3038 ut
752 2966 933 3057 Venetiis,
968 2973 1187 3064 Florentiae,
1215 2978 1350 3052 Romae

144 3086 183 3142 et
211 3059 353 3147 Ticini,
385 3058 491 3132 variis
515 3061 621 3133 etiarn
647 3060 726 3155 post
750 3064 783 3134 se
808 3064 937 3137 relieiis
962 3067 1147 3159 discipulis.
1203 3071 1287 3146 Fuit
1313 3097 1348 3147 ο·

142 3160 258 3254 rigine
290 3154 494 3245 Romanus,
519 3156 629 3250 patria
661 3157 887 3265 Byzantinus,
919 3184 962 3233 err
994 3163 1113 3233 illustri
1148 3162 1346 3260 stemmate,

145 3260 255 3334 clarus
272 3248 365 3325 circa
386 3259 511 3346 1389.‚
537 3271 572 3322 et
589 3270 745 3324 mortuus
761 3254 1001 3344 Constantine,
1030 3281 1096 3352 quo
1118 3276 1286 3354 tempore
1301 3266 1348 3340 fa·

144 3353 278 3429 mosum
319 3346 403 3420 illud
436 3345 623 3422 concilium
655 3347 917 3422 Constantiense
953 3355 1161 3425 celebratum
1208 3360 1288 3446 est,
1317 3386 1346 3437 a.

149 3470 276 3539 14¹4„
302 3443 360 3517 ubi
386 3443 459 3540 ejus
484 3466 621 3540 quoque
639 3441 767 3538 legitur
784 3446 1006 3541 epitaphium.
1058 3448 1224 3544 Scripsit,
1251 3478 1346 3550 prae.

146 3567 202 3619 ter
231 3538 313 3613 artie
344 3539 601 3614 Grammaticae
632 3542 784 3632 regulas,
809 3544 1103 3638 comparationem
1140 3549 1288 3624 Veteris
1310 3573 1346 3627 et

146 3641 278 3717 Novae
301 3635 460 3723 Romae,
485 3657 550 3710 nec
575 3657 644 3710 non
662 3632 839 3742 epistolar,
865 3641 906 3711 ad
928 3642 1054 3713 calcem
1073 3641 1197 3715 Codini
1215 3647 1262 3718 de
1278 3651 1346 3722 An·

146 3731 354 3830 tignitatibus
383 3730 587 3819 CPolitanir,
619 3727 768 3823 demque
792 3733 971 3807 tractatum
997 3737 1041 3810 de
1059 3735 1253 3832 proceffionr
1276 3746 1348 3840 Spi-

145 3837 226 3908 ritus
252 3828 288 3898 S.
312 3840 431 3897 contra
456 3824 618 3899 Graecos.
669 3824 822 3918 Linguae
846 3828 1029 3904 Hebraeae
1060 3833 1185 3908 notitia
1208 3839 1349 3917 inbutae

147 3925 321 4005 Potrletus
337 3921 545 4013 Saltaticat,
571 3941 615 3994 ex
632 3918 752 3992 illullri
770 3921 1021 3997 Salvaticorum
1038 3948 1165 4024 gente,
1184 3937 1269 4026 qui,
1296 3938 1350 4011 in.

144 4017 263 4111 certa‘e
288 4016 368 4098 licet
391 4016 530 4113 aetatis,
554 4015 655 4117 hujus
671 4012 893 4095 videturesse
919 4019 1043 4116 seculi,
1077 4023 1233 4126 scripit,
1260 4033 1355 4128 Ray·

148 4124 162 4183 t
223 4165 226 4173 ·
727 4165 733 4170 ·
1239 4128 1360 4208 muudi
