3022 4806
144 577 221 653 aod
514 573 661 674 sistris
683 574 812 678 siccius.
836 570 953 678 ciros.

151 751 325 829 insensum
352 769 474 829 contra
498 753 737 853 Raynaidum,
761 753 962 850 ceterasque
989 748 1223 831 Ecclesiastici
1251 749 1335 827 dom

154 850 205 923 nii
232 850 434 946 provincias
458 851 533 924 aliis
548 853 706 926 Ducibus
732 849 908 925 commisit
930 848 1185 926 defendendas:
1218 870 1265 923 ex
1291 872 1335 947 qu

152 947 190 1020 iu
217 952 299 1020 duas
326 965 442 1042 partes
472 946 540 1018 suit
564 968 685 1042 aperte
709 944 803 1020 scissa
826 964 902 1021 tota
927 946 1047 1031 Italia,
1079 969 1181 1021 unam
1205 967 1273 1041 pto
1306 948 1335 1018 n

152 1046 253 1139 perio
279 1042 337 1115 sub
364 1041 639 1133 Gibeiiinotum,
663 1044 802 1116 aiteram
826 1064 891 1138 pro
918 1043 1005 1137 Papa
1031 1046 1091 1117 snb
1115 1042 1335 1139 Gueiphottn

152 1141 315 1212 nomine:
357 1160 443 1232 quae
478 1137 621 1212 saiiiosa
654 1137 793 1212 nomina
824 1157 908 1213 tunc
932 1139 1078 1213 maxime
1108 1138 1225 1216 audita
1259 1137 1335 1213 sunt

151 1234 195 1308 de
213 1235 335 1329 quibus
351 1235 393 1305 ad
410 1232 560 1308 seculum
577 1235 731 1329 superius
746 1232 830 1309 dixi.
883 1232 1049 1310 Vibravit
1065 1254 1249 1333 praeterea
1268 1233 1335 1330 Pap

150 1327 451 1402 anathematismos
467 1329 503 1402 in
523 1331 770 1418 Fredeticum‚
794 1328 934 1427 quibus,
962 1328 1057 1403 inter
1079 1331 1165 1421 aiia,
1191 1327 1335 1405 fidelitas

150 1423 299 1499 absolvit
322 1423 484 1497 subditos.
537 1425 656 1499 Exstat
679 1426 790 1498 forma
806 1426 1084 1500 anathematismi
1099 1425 1190 1522 apud
1207 1425 1335 1522 Rayna

147 1520 242 1593 dum.
292 1520 432 1592 interea
457 1522 658 1616 Imperator,
690 1521 794 1595 missis
819 1524 861 1594 ad
894 1521 1080 1597 Soidanum
1107 1521 1281 1618 AEgypti
1310 1521 1335 1595 it

150 1614 237 1711 gatis
266 1637 296 1688 a.
325 1615 602 1704 1229.,soedus
632 1639 712 1690 cum
747 1638 791 1687 eo
816 1615 970 1712 pepigit,
997 1640 1037 1691 ea
1061 1615 1284 1706 conditione,
1317 1640 1335 1693 u

148 1715 273 1784 decem
298 1731 466 1783 annorum
485 1712 595 1784 eii‘ent
620 1711 801 1800 induciae,
826 1732 861 1782 et
885 1713 1099 1805 inperatori,
1124 1729 1269 1808 praeter
1292 1709 1335 1789 as

146 1806 246 1898 ioca,
269 1803 528 1878 restituerentur
543 1807 808 1901 Hierosolyma,
835 1805 1032 1898 Nazareth,
1060 1827 1097 1881 et
1113 1810 1159 1905 Jo
1184 1828 1251 1903 pe,
1273 1828 1335 1883 cus

144 1905 248 1976 terris
271 1901 610 1991 circumiacentibus.
658 1902 740 1997 Quo
763 1899 856 1975 sasso
878 1899 1023 1976 intravit
1048 1831 1332 1999 Hieroioiymsm

146 2016 185 2072 et
208 1998 338 2071 summa
359 2016 440 2068 cum
475 1997 596 2092 popuii
621 1996 753 2071 laetitia
776 1995 830 2070 ibi
862 2015 1050 2071 coronatus
1074 1997 1135 2072 eii.
1180 1995 1335 2075 Geroidu

143 2116 250 2182 vero,
284 2089 481 2170 Patriarcira
513 2092 876 2189 Hierosolymitanus,
908 2094 963 2166 cui
994 2096 1064 2168 hoc
1094 2091 1236 2188 passum
1267 2116 1335 2171 cun

144 2187 359 2287 Tempiariis
384 2208 422 2262 et
446 2187 687 2284 Hospitaiariis
709 2188 811 2266 vaide
833 2187 1026 2283 displicuit,
1059 2189 1142 2262 iiiud
1175 2186 1335 2279 invidios

142 2285 187 2360 ad
213 2287 337 2379 Papam
363 2282 592 2378 transcripsit,
617 2282 756 2373 addito,
782 2281 1004 2357 Fredericum
1028 2285 1202 2379 gladium,
1236 2284 1335 2360 exai

143 2378 208 2454 tari
234 2380 328 2451 Petri
363 2377 531 2465 sumtum,
566 2377 742 2452 tradidisse
773 2377 944 2469 Soidano,
979 2380 1172 2475 Templum
1202 2380 1335 2455 Domin

136 2471 313 2567 inquinari
336 2468 446 2545 sivisse
471 2469 715 2566 superstitione
732 2473 952 2563 saracenica,
977 2492 1081 2548 terras
1103 2497 1174 2570 quo
1199 2497 1244 2549 ue
1260 2476 1335 2553 ‘Ori

140 2567 306 2641 entaiium
332 2563 523 2661 exposuisse
541 2566 753 2661 Paganotum
772 2566 899 2656 sutori,
926 2586 964 2641 ut
980 2589 1017 2642 et
1033 2498 1335 2665 Hierostiymam.

143 2685 216 2740 non
240 2658 427 2747 munitam,
459 2657 713 2735 incursionibus
737 2663 874 2736 Soidani
899 2664 1118 2739 Damasceni.
1170 2667 1259 2743 Vid.
1291 2666 1335 2743 iit

144 2779 242 2832 retae
261 2752 423 2842 Getoidi‚
455 2770 491 2826 et
516 2755 627 2851 Papae
650 2756 692 2829 ad
715 2755 873 2830 Austtiae
897 2759 1057 2846 Ducem,
1081 2759 1170 2853 apud
1196 2761 1335 2858 Raynai

144 2855 240 2934 dum.
276 2853 393 2954 Qtare
408 2852 518 2946 Papa,
539 2852 647 2947 magis
664 2853 908 2941 exacerbatus,
935 2856 1021 2928 nihii
1045 2877 1114 2927 non
1130 2858 1172 2930 ad
1204 2856 1246 2929 In
1294 2880 1335 2949 ra·

144 2952 215 3025 tori
237 2949 432 3024 nocendum
457 2947 550 3041 egit,
577 2971 621 3021 eo
639 2949 744 3022 etiam
763 2949 887 3044 usque,
913 2969 971 3039 ut,
997 2947 1131 3022 nunciis
1155 2973 1234 3025 curn
1248 2879 1335 3027 iiim

140 3042 189 3120 r'is
211 3046 252 3118 ad
276 3043 460 3117 Soidanum
486 3043 608 3132 missis,
634 3043 815 3117 Sosianum
840 3046 882 3117 ad
907 3067 1054 3140 regnum
1083 3044 1335 3144 Hierosolymi

142 3159 263 3216 tanum
289 3161 358 3211 non
388 3137 592 3211 tradendum
617 3141 811 3232 superatori
833 3139 1056 3229 incitaverit,
1088 3141 1180 3237 quod
1206 3143 1249 3215 in

142 3256 199 3312 tor
224 3234 313 3345 apud
333 3236 475 3306 Petrum
495 3232 537 3305 de
557 3233 707 3323 Vincis,
744 3236 796 3305 uti
828 3233 937 3328 Epist.
970 3236 991 3308 i,
1009 3237 1037 3307 1.
1063 3258 1094 3312 c.
1123 3260 1203 3325 ar..
1250 3261 1271 3311 e
1303 3260 1335 3314 ei

145 3333 272 3410 litteris
311 3332 423 3424 Papae
457 3325 662 3435 interceptis
691 3328 884 3424 percepisse
920 3328 1075 3403 testatur.
1134 3334 1335 3427 Praeterea,

140 3428 245 3505 miffis
281 3425 549 3523 quaquaversum
585 3423 730 3514 itteris,
766 3426 1003 3522 inperatorem
1040 3425 1262 3518 criminatus,
1297 3427 1335 3505 fs

140 3547 299 3620 mamque
334 3524 379 3595 de
412 3537 527 3594 morte
558 3519 632 3615 ejus
668 3518 859 3618 spargens,
896 3519 1060 3595 civitates
1097 3524 1139 3595 ad
1169 3521 1203 3595 se
1234 3525 1335 3620 Papat

142 3619 394 3715 subjiciendas,
428 3636 465 3688 et
487 3638 606 3690 omnes
631 3616 843 3691 Alemannos
866 3615 911 3688 de
937 3635 1027 3689 terra
1052 3617 1162 3691 sansia
1195 3620 1335 3709 redeunf

143 3734 216 3805 tes,
240 3733 276 3787 et
293 3715 329 3786 in
354 3712 483 3806 Apulia
507 3710 676 3798 versatos,
712 3709 995 3803 interficiendos,
1020 3712 1215 3803 excitavit,
1254 3712 1335 3791 testa

140 3809 390 3906 Urspergense.
440 3805 508 3878 Sed
533 3806 714 3899 praevenit
743 3809 943 3900 superator,
968 3827 1024 3898 et,
1049 3810 1192 3904 copioso
1217 3808 1335 3887 colica

138 3927 179 3988 to
212 3905 398 3991 exercitu,
439 3896 555 3973 hostes
590 3901 716 3976 finibus
748 3902 817 3975 suis
850 3903 1014 3996 expuiit,
1057 3923 1165 3978 terras
1201 3927 1335 4002 quoquc

132 3999 266 4082 amissas
287 3994 522 4097 recuperavit.
574 3996 657 4099 Quo
682 3996 720 4074 io
745 4016 860 4071 retum
887 3997 978 4074 statu
1001 3998 1109 4076 animi
1128 3998 1335 4098 snperatorit

1293 4110 1335 4171 'ct
