3022 4806
128 558 204 653 416
501 548 647 649 Historia
670 542 798 648 Butles.
826 542 944 643 Clara'fl.

140 757 192 811 res
216 714 443 825 flagitarent,
474 725 539 822 scd
569 727 728 800 tumrultus
762 742 795 801 tt
824 723 1001 821 indiscreto
1034 713 1174 815 torftfio
1194 716 1355 793 ,orireruri

142 828 210 904 Sed
237 823 401 921 Synopstr
425 822 603 917 synodica
628 823 718 917 apud
745 821 924 897 Petavium
960 819 982 893 l.
1009 817 1092 905 cit,
1130 837 1221 911 quae
1245 815 1352 909 Syoo·

141 928 224 998 dum
242 944 317 992 earn
334 919 482 1011 adpellat
505 917 777 992 Oecumenicam
796 939 940 1003 nonam,
965 910 1092 986 diserte
1117 910 1248 997 tradit,
1271 918 1351 981 doc·

141 1021 267 1095 trinam
299 1014 453 1087 Palamae
490 1014 534 1087 de
566 1012 730 1087 essentiae
765 1030 802 1084 et
835 1009 1080 1107 operationum
1112 1004 1349 1091 diffintiione,

141 1109 348 1208 operatione
370 1108 544 1195 increata,
570 1131 613 1179 cx
637 1112 717 1183 Deo
738 1127 940 1191 emanante,
964 1126 1005 1177 ac
1031 1102 1162 1175 lumine
1189 1102 1346 1175 Taboteo

144 1212 321 1292 increato,
363 1200 431 1274 else
465 1202 653 1296 sancitam,
691 1205 864 1278 contraria
893 1202 1064 1275 damnata,
1112 1198 1221 1298 Quod
1248 1193 1344 1269 ctiam

142 1303 329 1378 confirmat
355 1297 490 1392 Synodi
507 1322 668 1393 quartae,
692 1299 729 1371 in
748 1301 815 1374 hac
830 1296 927 1372 causa
943 1294 1104 1381 habitae,
1131 1313 1248 1366 tomua
1262 1286 1342 1385 apud

147 1391 405 1472 combelisium.
457 1395 567 1467 Addit
592 1399 870 1482 Cantacuzenus,
902 1389 959 1465 sed
986 1391 1140 1463 Palamae
1165 1407 1342 1492 patronus,

144 1491 222 1567 hist.
259 1490 282 1560 l.
307 1489 353 1560 ll.
379 1509 409 1561 c.
434 1510 519 1577 40.,
548 1493 757 1563 Barlaamum
789 1484 952 1564 cecinisse
984 1483 1214 1579 palinodiam,
1252 1501 1287 1554 et
1305 1499 1339 1551 ru

146 1583 295 1681 gratiam
320 1582 454 1656 rediille
487 1607 566 1657 cum
595 1588 726 1660 Palama
755 1605 790 1659 et
819 1580 1015 1657 Monacltir.
1067 1576 1150 1652 Post
1180 1579 1267 1651 hanc
1287 1577 1340 1668 Sy·

145 1681 299 1765 nodum,
324 1680 501 1752 Barlaamo
527 1681 563 1753 in
588 1681 721 1754 ltaliam
746 1683 788 1755 ad
815 1679 959 1751 Latinos
983 1673 1168 1770 profecto,
1191 1673 1337 1748 contiuu-

149 1796 232 1853 ante
270 1772 510 1846 controversia
544 1775 638 1847 inter
668 1778 837 1850 Palamarn
871 1792 909 1847 et
940 1769 1109 1845 Barlaami
1147 1768 1336 1866 discipulo.

148 1869 624 2060 allalfflsllalllllll
648 1870 842 2040 italis}
861 1856 1338 2059 llllllttlaltlll

150 2086 220 2152 no,
245 2059 359 2135 adhuc
384 2020 513 2156 maglo
535 2061 764 2150 Domestic03
790 2062 828 2136 in
851 2082 936 2152 qua,
961 2017 1099 2154 pra’eter
1122 2057 1342 2153 Barlaamun,

144 2160 329 2253 ¹damnatur
353 2155 404 2228 cst
429 2160 654 2254 Acyndinus,
693 2182 771 2232 curn
803 2153 941 2252 reliquis
970 2153 1130 2241 adseclir,
1163 2173 1204 2227 ut
1236 2155 1339 2227 &nto

150 2274 303 2329 cuzenus
327 2255 348 2326 l.
374 2251 438 2324 cit.
464 2274 588 2328 narrat.
641 2253 867 2347 conscriptus
895 2250 998 2323 etiarn
1024 2272 1091 2343 pro
1115 2270 1217 2321 more
1238 2244 1339 2321 elitu-

151 2372 228 2422 mus
252 2368 338 2418 unus
360 2345 526 2419 actorum.
584 2352 709 2422 Secuta
733 2371 816 2420 mox
842 2348 947 2420 tertia
971 2344 1020 2417 est
1044 2345 1225 2435 Synodur,
1252 2362 1338 2436 prat·

148 2440 222 2515 sade
255 2441 354 2510 Anna
386 2440 561 2533 Augusta,
594 2444 733 2538 ejusque
768 2442 842 2515 filio
874 2443 1033 2536 Johanne
1065 2435 1333 2534 Palaeologmin

149 2559 217 2705 pua
240 2532 315 2627 ipse
341 2532 537 2607 Patriarcha
561 2538 752 2631 Johannes,
790 2543 882 2636 quod
906 2534 1068 2610 Barlaami
1093 2554 1131 2607 et
1154 2534 1337 2609 adseclam

176 2650 313 2725 ogmata
336 2629 555 2723 sequeretur,
590 2631 666 2705 sede
689 2633 740 2707 est
764 2631 961 2728 depositus,
994 2650 1032 2703 ut
1054 2630 1150 2703 idern
1175 2628 1341 2705 historicut

149 2727 209 2802 lib.
236 2727 300 2800 ΙΙΙ.
324 2745 448 2801 narrat.
496 2726 661 2824 Denique
684 2754 702 2802 a
731 2751 847 2824 quarta
868 2727 1032 2821 Synodo,
1059 2724 1249 2821 inperante
1272 2725 1341 2797 Can·

151 2843 341 2910 tacuzeno,
368 2822 560 2914 eodemque
585 2848 662 2899 cum
683 2828 839 2910 Caliato,
873 2845 967 2894 novo
991 2822 1206 2912 Patriarcha,
1239 2812 1342 2916 praeli·

151 2919 275 3007 dente,
308 2918 468 3013 dogmata
501 2922 654 2994 Palamae
679 2924 753 2994 sunt
778 2923 929 3003 adserta,
961 2938 996 2990 et
1020 2918 1186 2991 Barlaami
1211 2916 1345 2992 adseclae

153 3012 329 3099 damnati,
360 3037 401 3087 ac
425 3014 589 3110 depofiti:
623 3020 713 3091 inter
742 3041 828 3113 quos
854 3017 994 3089 suerunt
1025 3013 1223 3107 Episcopus
1246 3015 1347 3107 Ephe·

155 3109 267 3219 sap-us,
296 3110 382 3180 Gani
399 3114 641 3206 metropolita,
667 3114 893 3207 Nicephotus
917 3111 1105 3205 Gregoras,
1140 3109 1295 3195 Dexius,
1318 3119 1348 3212 ²!

155 3204 226 3277 altr.
287 3200 431 3278 Exstant
463 3207 537 3281 alla
570 3209 699 3306 Synodi
731 3211 766 3279 in
799 3211 942 3279 andario
970 3202 1131 3300 novr'ffimo
1165 3197 1333 3279 Combelis

157 3299 245 3410 yid.
279 3300 385 3412 etiarn
416 3301 489 3397 ipse
513 3305 771 3415 Cantacuzenus
794 3305 814 3376 l.
841 3305 931 3420 ty„
964 3323 1000 3373 et
1027 3300 1140 3376 David
1166 3302 1350 3375 Monachus

157 3388 1351 3592 atam’nantune-

161 3586 312 3693 Gregor.
350 3589 443 3662 Hist.
471 3591 529 3663 lib.
555 3591 695 3665 XVlll.
720 3615 796 3687 cap.
818 3611 873 3682 3.,
906 3589 960 3662 his
993 3590 1206 3675 notabilium
1228 3586 1350 3670 verbis.

161 3707 248 3782 quae
271 3682 331 3756 hic
354 3684 422 3780 legi
450 3706 646 3771 merentur,
672 3708 709 3760 et
733 3690 771 3762 in
795 3685 917 3759 multas
939 3686 1101 3778 Synodos
1126 3686 1201 3780 ejus
1219 3699 1351 3761 'namur

161 3778 383 3855 conveniunt.
431 3778 594 3878 Quoniam
627 3785 734 3877 iraque
765 3798 890 3869 praeter
917 3779 1090 3855 Tltratiam
1115 3783 1208 3856 nulla
1229 3779 1350 3873 ampliat

162 3879 334 3954 Provincia
358 3875 516 3948 Romanis
544 3873 722 3973 (Graecis)
741 3878 932 3977 supererat,
948 3874 1035 3972 solor
1053 3877 1217 3950 Tluacioe
1231 3872 1352 3975 Epistu-

153 3993 216 4074 pus
234 3971 347 4073 statim
362 3968 498 4070 accerst
516 3969 916 4083 (Cantacuzenus‚),rttt
937 3975 1135 4089 (mquidem
1158 3996 1289 4067 omnes,
1300 3961 1367 4067 sti·

1295 4071 1354 4162 pu
