3022 4806
569 564 601 581 ''
682 569 791 648 droul.
816 572 899 662 XV.
991 630 994 643 .
1330 592 1407 685 4⁶3

233 742 267 847 5.
289 741 509 821 ccccx1x.
540 740 698 818 Tantum
731 748 847 840 abest,
880 768 919 825 ut
945 744 1088 826 schilina
1119 775 1184 849 per
1208 762 1398 841 concilium

177 839 335 917 Pilauuut
360 841 469 914 mern
495 864 516 914 e
541 846 662 915 medio
686 842 876 936 sublatum,
901 867 940 918 ut
955 853 1097 945 gravius
1115 852 1222 924 luerit
1240 854 1398 950 facium,

176 957 216 1011 et
238 936 392 1012 Ecclefia
414 938 561 1032 triceps3
587 958 655 1010 nec
676 959 900 1017 communem
927 966 1057 1018 meruit
1081 950 1239 1042 Synodur
1254 952 1393 1047 adplau-

170 1037 271 1124 sum,
295 1034 352 1108 sed
376 1034 654 1129 disputationum
679 1038 838 1129 praebuit
865 1041 1057 1116 materiam.
1105 1043 1280 1132 johannes
1295 1050 1395 1122 ''Ger-

173 1130 242 1205 son
264 1129 408 1225 quidem
435 1128 612 1233 defendit,
636 1131 767 1224 scripto
794 1133 939 1208 traslatu
963 1136 1006 1206 de
1024 1136 1263 1228 afferrlllimre
1279 1144 1396 1238 Papae

171 1230 221 1301 ult
247 1223 417 1311 meleha:
443 1225 501 1297 sed
523 1224 603 1313 alti,
627 1225 717 1298 haud
741 1231 873 1326 exiguo
901 1252 1068 1318 numero,
1101 1234 1135 1305 se
1158 1234 1191 1305 ei
1220 1244 1392 1333 opposue.

168 1340 271 1397 runt.
317 1319 519 1393 Bonifatius
549 1320 749 1405 Ferrerius,
780 1327 881 1419 cujus
912 1323 1011 1419 supra
1044 1328 1113 1401 feci
1150 1351 1388 1424 mentionem,

171 1416 332 1493 traduxit
360 1438 498 1512 quoque
529 1435 689 1512 tanquam
716 1421 980 1494 conciliabulum
1007 1422 1240 1515 haereticum,
1267 1431 1385 1522 prosa·

166 1532 279 1602 uum,
312 1511 553 1599 maleditlum,
586 1534 625 1584 et
656 1513 888 1590 diabolicum:
922 1516 1034 1588 exstat
1066 1517 1131 1590 ille
1161 1524 1324 1598 tractatur
1347 1526 1389 1602 iu

167 1609 352 1687 Anecdot.
383 1608 548 1681 Murtene
584 1624 668 1680 tom.
703 1608 733 1680 l.
766 1611 833 1682 Pro
856 1609 1015 1707 legitimo
1042 1632 1112 1684 non
1139 1619 1286 1707 agnovit
1311 1622 1388 1695 An·

166 1705 315 1781 tonino·
345 1702 383 1778 iu
413 1706 544 1777 Chron.
579 1726 614 1796 p.
642 1704 726 1790 hh,
760 1724 826 1777 nec
848 1705 1098 1780 Theudoricus
1128 1709 1250 1801 Urias,
1282 1737 1386 1791 autor

166 1800 338 1877 historiae
369 1799 514 1873 concilii
545 1796 837 1888 Constantiensrr,
874 1804 934 1900 qui
973 1802 1042 1873 lioc
1076 1823 1238 1897 tempore
1270 1810 1382 1901 vixit,

163 1918 239 1973 nec
271 1896 445 1972 Nicolaus
473 1891 667 1989 Clemangis
704 1893 742 1967 in
775 1895 925 1972 traclatu
951 1897 1052 1993 super
1083 1903 1222 1972 materia
1253 1908 1384 1980 concilii

164 1992 350 2069 Gmrrulir.
401 1989 575 2064 Rationes
597 1987 783 2084 praecipue
807 1992 948 2066 suerunt
977 2015 1008 2066 1.
1034 1997 1127 2088 quod
1152 2017 1171 2067 a
1192 1997 1282 2093 Papa
1305 2022 1380 2075 non

159 2088 276 2165 fuerit
300 2105 517 2175 convocata,
540 2103 599 2158 ant
617 2085 839 2172 confirmata,
866 2087 1023 2183 Synodua
1042 2108 1075 2160 a.
1099 2090 1193 2184 Papa
1211 2114 1281 2165 non
1299 2096 1379 2189 pos·

158 2182 206 2261 iit
238 2206 260 2261 a
288 2183 435 2283 Synodo
462 2178 608 2277 judicari
632 2203 665 2273 3.
690 2181 922 2276 Antipapum,
948 2181 1108 2277 adeoque
1134 2183 1378 2280 illegitimum,

157 2276 394 2357 'constituerit
424 2300 460 2368 4.
484 2275 639 2352 Schisma
673 2297 746 2348 non
778 2276 884 2350 faerit
915 2278 1083 2364 ablatum,
1108 2277 1194 2375 quin
1222 2282 1376 2360 audium.

157 2376 265 2481 Quae
287 2374 440 2450 rationes
462 2371 580 2470 quanti
607 2372 760 2461 valeant,
786 2370 886 2446 facile
909 2372 1124 2469 dijudicatur.
1353 2380 1356 2385 “

160 2502 163 2507 ·
204 2470 242 2571 ς.
266 2468 468 2546 CCCCXX.
493 2468 714 2555 Alexandro,
741 2484 778 2540 ut
803 2466 842 2540 in
865 2467 1005 2543 historia
1024 2490 1187 2566 pergam,
1213 2469 1291 2565 post
1311 2475 1374 2550 de·

153 2590 238 2645 cern
264 2568 415 2655 menses,
440 2587 510 2637 nec
535 2563 603 2636 sine
627 2560 823 2653 suspicione
847 2562 1000 2654 veneni,
1024 2588 1045 2637 a
1066 2562 1276 2642 succcellbre
1296 2571 1375 2667 eJ'ua

153 2664 359 2763 procurati,
383 2680 546 2748 mortuo,
569 2657 725 2732 succeslit
749 2657 922 2732 Balthasar
939 2660 1066 2748 Colca,
1090 2661 1366 2759 Neapolitanus,

154 2758 349 2836 cardinalis
372 2756 583 2852 Presbyter,
607 2777 627 2827 a
651 2754 751 2846 cujus
774 2776 837 2824 ore
862 2774 957 2828 totur
978 2755 1193 2849 pependerat
1216 2760 1369 2835 Alexan·

154 2856 246 2947 der,
266 2854 379 2928 dictur
406 2851 583 2945 Jolnnner·
600 2850 736 2922 XXlll.
759 2848 897 2922 Eleciio
917 2852 992 2942 ejus
1019 2850 1166 2922 minime
1190 2851 1258 2925 fuit
1285 2853 1370 2927 libe-

150 2972 215 3043 π,
239 2946 297 3026 sed
323 2948 518 3024 cardinales
540 2946 666 3041 partim
695 2943 844 3037 pecunia
865 2944 1007 3017 suerunt
1031 2946 1209 3039 corrupti,
1235 2950 1370 3043 partim

151 3048 194 3123 vi
221 3066 261 3121 et
287 3062 386 3119 metu
415 3041 548 3117 coniti:
582 3061 620 3114 ut
646 3042 770 3135 probat
794 3040 967 3113 L’Eufant
992 3039 1066 3135 ln'fl.
1093 3043 1220 3117 concilii
1246 3041 1364 3135 Pisoni

148 3162 190 3245 p.
215 3144 262 3217 11.
288 3140 421 3215 Audior
444 3161 533 3211 vero
556 3138 657 3232 hujtas
686 3137 871 3229 temporit,
896 3136 1077 3231 Philippus
1099 3138 1367 3233 Bergomensts,

146 3240 211 3343 qui
234 3239 492 3407 supplementum
522 3234 617 3306 dedit
650 3232 894 3338 Chrononum,
918 3230 1048 3321 refert,
1073 3232 1285 3324 Cardinalea,
1311 3238 1363 3312 se·

148 3358 234 3412 mm
255 3336 292 3409 di
322 3332 520 3413 cudentes,
542 3331 600 3424 jur
623 3326 668 3400 eli
695 3327 775 3400 endi
803 3325 1001 3400 conceffiffe
1027 3326 1201 3422 Johanni,
1228 3329 1382 3426 ipsum·-

172 3454 240 3519 ue,
272 3429 404 3518 sumta,
436 3445 472 3500 et
498 3424 557 3499 fibi
587 3350 756 3519 inpoina,
791 3422 996 3517 chlamyde,
1030 3420 1265 3520 dixisset-ugo
1277 3427 1363 3523 sum

145 3456 266 3623 {epar
299 3526 359 3599 cul
394 3520 593 3597 Cardinaler
623 3516 866 3593 contradicere
891 3542 963 3592 non
990 3517 1131 3591 fuerunt
1153 3520 1231 3594 ausi.
1286 3525 1357 3600 Vir

139 3624 240 3714 nur,
254 3619 392 3721 judicio
405 3616 654 3692 historicorum
671 3614 782 3688 Leon.
801 3611 957 3701 Aretini,
981 3613 1201 3689 Theoderici
1219 3617 1353 3711 Niem,

140 3740 183 3799 et
214 3714 413 3806 Antonini,
443 3712 730 3808 incomparalibus
760 3712 884 3805 quidem
916 3733 1075 3807 maguus.
1096 3708 1218 3821 sedin
1249 3719 1353 3811 Spiri-

141 3816 295 3894 malibus
323 3815 433 3889 nullut
464 3812 610 3898 omnino,
641 3824 737 3901 utque
760 3811 898 3902 ineptus.
945 3809 1023 3881 Irno
1051 3806 1163 3880 Ntem
1188 3832 1266 3883 eum
1290 3815 1356 3883 de·

138 3912 208 4010 pin
236 3914 285 3985 ic:
318 3929 356 3986 ut
385 3903 559 4005 monstrum
581 3908 766 3990 auaritiae,
808 3906 1012 3991 mailaianis,
1034 3904 1259 3993 crudelitatis,
1298 3910 1352 3979 in·

131 3934 318 4117 justine,
347 4023 388 4084 et
406 4004 590 4085 horrendae
618 4000 856 4177 lippiturum.
906 4000 1069 4101 Ruperto
1098 4000 1231 4075 Bavaro
1255 4022 1352 4166 rpor-

141 4146 150 4163 ·
217 4140 253 4153 '‘
703 4115 834 4186 mm4
1279 4116 1357 4189 ἰωῇ
