3022 4806
138 578 185 654 80
491 561 640 663 Historia
663 563 790 664 Eresos.
816 565 928 667 Cirrist.

136 738 319 842 inperator
339 759 456 815 motus
479 737 642 832 sedaiiet,
668 762 703 816 et
722 743 886 842 Legatis,
911 760 951 817 ut
967 760 1185 842 quantocyus
1203 746 1355 822 Romam

137 846 298 930 redeant,
330 839 493 936 jussisset,
528 839 652 948 absque
676 859 715 912 ut
741 845 891 938 aliquem
916 839 1129 936 Episcopum
1153 864 1214 916 aut
1242 846 1355 916 Abba·

137 959 208 1012 tem
245 938 469 1010 conveniant.
522 937 624 1006 Miirt
659 958 743 1008 mox
775 939 958 1033 lnperator
990 936 1175 1010 circulares
1205 939 1355 1012 Litterae

135 1039 180 1111 ad
206 1056 329 1106 omnes
354 1028 533 1126 Principes
557 1049 595 1102 et
615 1028 744 1124 Episco
773 1057 830 1122 os,
875 1031 999 1127 quibus
1031 1032 1076 1104 de
1100 1033 1225 1128 injuria
1248 1034 1355 1124 sunia

137 1134 229 1226 Papa
256 1148 292 1201 et
316 1124 459 1220 Legatis
485 1127 575 1198 iliata
602 1056 810 1222 eoaquetius
835 1126 905 1216 est,
948 1129 1076 1223 eosque
1101 1134 1246 1220 adeam
1274 1131 1353 1205 viu·

135 1226 316 1301 dicandam
342 1219 531 1308 excitavit,
565 1223 801 1311 contendens,
836 1223 961 1318 seper
992 1220 1198 1298 eieiiioncm
1223 1224 1354 1299 PrincI·

140 1344 246 1418 pom,
271 1341 341 1390 non
368 1339 386 1387 a
409 1315 522 1411 Papa,
548 1314 604 1386 sed
626 1316 697 1389 solo
721 1320 822 1404 Deo,
849 1319 904 1390 Re
932 1341 1013 1393 num
1039 1337 1159 1391 tenere
1184 1339 1222 1394 et
1248 1324 1354 1418 lupe·

136 1420 239 1491 rium.
289 1416 398 1506 Papa,
424 1433 524 1498 cum,
550 1410 693 1507 Legatis
717 1409 879 1500 reversis,
905 1343 1100 1488 {ardinaies
1121 1413 1217 1489 inter
1241 1417 1276 1490 se
1302 1415 1354 1503 di·

138 1509 204 1584 visa
230 1507 361 1594 essent,
388 1503 460 1578 aliis
485 1508 615 1600 Papae,
642 1508 712 1580 aliis
737 1507 952 1604 inperatori,
977 1508 1196 1600 faventibus,
1221 1511 1354 1612 scripsit

133 1610 180 1682 ad
205 1604 401 1699 Episcopus
427 1600 660 1691 Germaniae,
692 1626 731 1676 ut
758 1602 967 1698 lnperatoris
990 1605 1076 1678 iram
1101 1606 1270 1699 lenirent,
1301 1611 1354 1707 ip

137 1704 282 1796 sumque
308 1697 456 1770 retiiora
483 1700 681 1787 docerent,
710 1698 768 1771 sed
803 1698 999 1794 responsum
1035 1702 1077 1774 ab
1109 1700 1154 1776 iis
1179 1701 1281 1794 tulit,
1321 1700 1354 1795 Pe

134 1800 251 1893 ¹Papae
275 1795 406 1868 causam
436 1790 524 1865 tueri
559 1815 629 1865 non
661 1793 777 1887 posse,
818 1796 950 1890 quippe
981 1795 1099 1870 fecisse
1133 1798 1226 1891 quod
1252 1818 1354 1896 potes

126 1909 241 1983 ‚-rant,
277 1912 344 1962 nec
367 1888 458 1960 aiiud
483 1889 526 1960 ab
553 1888 756 1982 inperatore
781 1890 951 1982 accepisse
973 1890 1194 1986 responsum,
1228 1915 1291 1984 ac,
1315 1893 1354 1992 se

142 1993 284 2063 debitam
324 1987 433 2076 Papae
464 1987 675 2056 reverentiam
700 1984 836 2056 libenter
859 1986 1097 2076 exhibitarum,
1127 1988 1192 2081 sed
1218 1989 1353 2095 sibetorp

91 2149 96 2159 t
141 2088 263 2180 inperii
298 2103 443 2153 coronam
477 2082 584 2152 divino
615 2096 744 2151 tantam
785 2081 936 2175 beneficio
976 2081 1177 2179 adscribere:
1216 2085 1353 2162 suadeat

138 2186 259 2276 itaque
284 2180 391 2274 Papae
399 2222 416 2266 ,-
450 2195 490 2250 ut
512 2175 704 2251 mitioribus
727 2174 1032 2253 litterisanimutn
1058 2179 1276 2274 inperatoris
1298 2175 1353 2259 de'·

138 2281 301 2350 mulceat.
1336 2275 1353 2290 ’“

189 2371 219 2467 p.
246 2367 355 2438 LXX.
382 2363 541 2462 Quorum
568 2365 701 2440 secutus
726 2366 927 2456 confilium,
954 2390 1068 2444 novos
1090 2392 1183 2446 anno
1205 2371 1353 2469 sequen·

141 2486 179 2539 te
209 2468 312 2549 1158.
341 2462 433 2533 miiit
461 2483 540 2533 cum
570 2461 839 2537 modestioribus
862 2461 989 2539 litteris
1025 2468 1196 2561 Legatos,
1228 2490 1353 2560 voces·

139 2582 207 2657 que
232 2554 418 2648 beneficium
445 2576 481 2626 ct
505 2552 651 2648 conferre
673 2581 820 2631 coronam
851 2558 899 2632 ita
924 2559 975 2632 est
1003 2561 1279 2656 interpretatus,
1312 2582 1354 2660 ut

140 2652 327 2747 beneficium
354 2672 424 2722 non
451 2672 515 2743 pro
543 2650 672 2740 feudo,
698 2652 752 2725 sed
779 2654 982 2750 simpliciter
1010 2660 1105 2729 bono
1130 2656 1244 2746 fatto,
1280 2652 1353 2736 con·

131 2752 228 2850 ferre
261 2767 331 2819 nott
365 2769 430 2841 pro
471 2744 554 2817 date
593 2748 700 2838 pleno
736 2749 829 2840 jure,
871 2751 930 2823 sed
973 2754 1138 2845 inponere,
1182 2752 1353 2850 capienda

141 2851 219 2925 fine.
272 2840 406 2942 Quibus
435 2840 603 2912 delinitus
625 2844 810 2937 inperator
836 2866 957 2941 pacem
987 2869 1023 2919 et
1052 2846 1239 2921 amicitiam
1272 2850 1352 2947 ipo·

139 2942 266 3040 pondit
291 2945 423 3028 Papae,
448 2955 484 3007 et
511 2937 613 3009 Clero
638 2939 822 3029 Romano,
848 2941 905 3014 sed
923 2965 1005 3015 mox
1024 2964 1137 3016 novae
1155 2938 1352 3023 discordiae

138 3037 273 3112 semina
298 3031 387 3127 jaiia
419 3034 504 3105 sunt.
552 3033 676 3127 Papam
704 3033 876 3125 offendit,
911 3039 1001 3132 quod
1035 3039 1219 3132 inperator
1248 3045 1352 3129 leonti·

140 3140 230 3208 niam
256 3133 298 3202 ab
326 3125 511 3221 Episcopis
546 3147 582 3199 et
613 3132 810 3203 Abbatibus
841 3131 1107 3226 Longobardiae
1138 3138 1352 3232 accepisset,

143 3249 181 3304 et
206 3228 339 3320 regalia*
356 3225 397 3295 ab
417 3220 460 3294 iis
478 3220 666 3319 exegisset,
692 3226 873 3321 quodque,
907 3230 944 3298 in
969 3231 1081 3323 Papae
1105 3249 1353 3327 contemtum,

138 3346 273 3403 ,nomen
298 3319 394 3391 suurn
418 3318 663 3411 praeposuisset
688 3319 723 3390 in
750 3322 962 3396 Litterarum
987 3324 1272 3419 inscriptionibus
1289 3353 1352 3405 no·

142 3419 230 3494 mini
260 3418 392 3510 Papae,
425 3412 637 3486 dietionibus
668 3414 773 3487 etiam
799 3415 982 3514 ,singularis
1014 3420 1172 3509 numeri,
1204 3443 1241 3496 et
1277 3425 1352 3517 no‘rr'

141 3514 299 3611 pluralis,
330 3511 378 3581 uti
405 3533 480 3580 mos
499 3511 685 3582 eratinter
704 3511 850 3587 illustres
882 3515 1066 3608 personas,
1097 3517 1274 3593 adlocutus
1302 3520 1352 3596 es·

141 3613 193 3685 sct
221 3611 354 3702 Papam.
408 3607 585 3697 inperator
611 3629 826 3700 veronegre
850 3611 946 3701 tuiit,
978 3614 1069 3706 quod
1104 3614 1191 3708 Papa
1223 3616 1258 3688 se
1292 3639 1351 3693 re·

142 3708 276 3804 gaiibus
296 3718 511 3794 opponeret,
544 3721 725 3792 praeterea
752 3703 928 3794 Guidoni,
963 3709 1146 3781 Romanae
1174 3709 1351 3786 Ecclesiae

141 3800 368 3884 subdiacono,
401 3796 662 3902 promotionem
695 3798 736 3869 ad
770 3800 884 3871 sedem
918 3802 1241 3896 Ravennatenscm,
1286 3807 1351 3905 ips

141 3902 184 3974 ab
218 3898 416 3986 [operatore
449 3886 684 3977 destinatam,
725 3893 935 3989 denegasset.
985 3899 1120 3994 Quibus
1164 3901 1207 3976 de
1247 3906 1351 3988 rebus

140 4019 221 4073 cum
244 3991 391 4066 acerbae
417 3984 551 4063 litterae
576 3987 739 4082 utrinque
763 3988 873 4066 eisent
898 3990 1037 4083 misiae,
1061 4015 1098 4068 et
1124 3996 1207 4073 aiiae
1236 3992 1351 4085 rursus

1312 4095 1351 4187 ad
