3022 4806
131 608 178 662 20
403 596 405 600 ’
524 576 668 672 Historia
693 576 819 676 Eccles.
849 523 963 677 Ciuili.

136 755 355 841 diffinierit,
392 750 637 850 statueritque,
662 756 902 833 Divinitatem
928 780 1000 832 non
1026 755 1095 832 esse
1119 755 1258 843 Deum,
1296 749 1357 825 sed

137 862 205 937 elle
238 851 441 928 Divinitate
475 852 612 939 Deum,
656 876 722 925 nec
755 861 977 961 personarum
1012 854 1252 949 proprietates
1285 847 1357 922 esse

138 955 226 1051 Ipsas
250 948 411 1046 personas
437 966 527 1034 etc„
555 949 625 1020 line
641 971 708 1042 qua
733 948 955 1024 distinetione
979 949 1145 1022 censuisse
1181 945 1353 1032 traditur,

136 1055 194 1126 vel
220 1069 288 1122 tres
314 1046 413 1116 Deos
445 1063 523 1113 cum
556 1043 715 1132 Arianis,
742 1049 799 1118 vel
827 1069 932 1120 unum
954 1066 1098 1118 numero
1124 1045 1263 1130 Deum,
1292 1056 1354 1112 aut

138 1168 243 1221 unam
271 1139 477 1235 personam,
515 1160 594 1210 cum
628 1139 800 1230 Sabellio,
836 1140 998 1229 admitti,
1032 1162 1098 1213 nec
1130 1158 1201 1209 non
1239 1155 1352 1208 totam

141 1236 324 1318 ess'entiam
362 1232 519 1305 divinam
553 1230 824 1308 indeterminate
863 1236 1075 1311 incarnatam
1108 1232 1207 1304 statui
1241 1235 1352 1304 debe·

141 1341 199 1414 be,
248 1330 315 1402 Sed
342 1326 426 1399 ninii
451 1328 541 1400 aliud
567 1328 660 1399 sorte
691 1328 866 1420 intendit,
899 1354 941 1407 ac
975 1333 1068 1405 inter
1101 1327 1281 1400 essentiam
1316 1343 1353 1395 et

139 1430 321 1531 personam
357 1425 549 1496 adcuratius
582 1422 815 1523 distinguere,
847 1427 897 1500 ita
930 1446 969 1499 nt
1010 1445 1079 1503 tres
1109 1419 1181 1496 dici
1201 1422 1354 1517 pollent

140 1527 327 1626 personae,
353 1515 411 1621 sen
438 1518 503 1591 tria
523 1519 691 1614 subjecta,
715 1520 859 1596 eandem
874 1520 1077 1617 poffidentia
1098 1517 1350 1596 Divinitatem:

141 1615 377 1696 Divinitatem
411 1636 499 1685 vero
533 1633 569 1686 et
604 1616 724 1689 Deum
760 1615 941 1705 distinxit,
981 1616 1068 1690 sicut
1109 1633 1262 1686 naturam
1293 1616 1352 1682 ab·

142 1713 265 1791 straete
291 1733 327 1783 et
352 1728 520 1781 concrete
546 1708 814 1800 consideratam,
845 1732 883 1785 et
910 1734 982 1786 non
1014 1710 1080 1784 acsr
1112 1728 1234 1784 natura
1266 1705 1356 1778 ellat

144 1809 228 1909 qnid
253 1807 361 1891 reale,
395 1805 584 1897 apersona
609 1805 747 1882 seorfitn
781 1805 980 1897 subsistens,
1020 1826 1080 1879 aut
1117 1803 1356 1889 accidentale,

169 1904 236 1978 uod
262 1905 304 1974 ab
328 1923 370 1972 ea
393 1899 507 1972 abesse
532 1898 656 1994 pollet.
708 1903 791 2001 Quo
814 1922 931 1976 tamen
961 1902 1058 1975 sensu
1091 1898 1234 1972 videtur
1268 1897 1395 1969 naec-'-

144 1932 321 2081 sententia
346 1994 524 2082 damnata,
558 1998 614 2068 vel
649 1997 730 2093 quia
759 1995 942 2071 adversarii
973 1998 1046 2091 ejus
1079 1995 1271 2081 unitatem,
1305 1991 1354 2064 src

175 2093 290 2191 roprie
314 2088 465 2179 dietam,
500 2089 735 2180 numericam,
770 2111 808 2166 nt
827 2093 986 2188 adpellari
1012 2090 1126 2178 solet,
1152 2089 1385 2173 statuerunt„

146 2121 224 2294 &aa
248 2187 386 2262 ratione
410 2205 563 2260 mentem
589 2188 740 2263 Gilberti
764 2190 962 2282 exposuerit
985 2189 1074 2261 Otto
1100 2183 1349 2282 I‘risingensr33

146 2289 206 2383 qni
230 2285 318 2371 scire
344 2285 450 2367 velit,
474 2282 572 2351 adeat
594 2305 674 2353 eum
698 2283 743 2354 de
754 2285 855 2374 gestis
875 2282 1036 2355 Frederici
1059 2279 1119 2354 lib.
1138 2281 1166 2354 1:
1185 2303 1267 2372 53.,
1293 2278 1356 2374 qui

146 2378 326 2457 excursum
352 2375 446 2446 suum
474 2375 522 2444 ita
545 2376 742 2449 concludit:
776 2377 1005 2470 quidsenserit
1034 2375 1127 2470 posui
1137 2432 1147 2466 ‚
1179 2377 1254 2470 qaid
1273 2375 1357 2471 sen·

148 2475 291 2550 tiendum
314 2467 375 2557 fit,
404 2469 552 2563 juditam
576 2469 636 2538 alii
699 2493 731 2542 2.
758 2470 920 2544 Maritum
943 2474 1110 2545 samonam
1134 2475 1356 2562 adtenuante,

146 2572 267 2645 nnllam
293 2566 406 2636 mereri
426 2578 556 2656 praeter
581 2563 761 2660 sinistam,
794 2567 909 2641 dixill'e
934 2569 1063 2657 sertor,
1098 2588 1135 2639 ut
1168 2571 1271 2639 verba
1295 2569 1356 2638 lra-

147 2670 235 2744 bent
259 2658 423 2747 Ottonis3
457 2681 543 2752 quae
574 2658 725 2734 adsertio
749 2662 817 2736 hoc
841 2664 961 2761 itaque
986 2684 1143 2758 ternpore
1168 2661 1234 2734 snit
1267 2662 1368 2734 male'

150 2762 232 2847 sana
258 2754 383 2831 habita.
459 2809 467 2826 .
495 2753 641 2829 Tertius
664 2755 733 2832 soit
756 2780 871 2848 error,
888 2838 890 2842 Α
906 2760 1019 2856 quod,
1054 2778 1091 2830 nt
1124 2757 1217 2830 idem
1252 2774 1365 2830 autor-

150 2855 281 2945 tradit,
318 2775 487 2942 Ecclesiae
511 2850 726 2928 Sacramenta
750 2859 931 2929 evacuando
956 2858 1096 2944 diceret,
1128 2855 1248 2925 nnllam
1280 2855 1361 2948 Iap-

149 2955 256 3027 tlzari
280 2946 341 3040 nist
361 2946 558 3042 salvandam
617 2950 684 3025 Sed
717 2953 945 3039 Porretanus‚
980 2951 1051 3024 five
1082 2950 1278 3032 commoda¹
1300 2970 1363 3021 ex·

122 3042 361 3145 plicatione,
394 3040 467 3114 srve
490 3063 647 3118 errorum
681 3046 965 3130 renuntiatione,
998 3043 1115 3141 postea
1145 3047 1180 3117 in
1212 3043 1361 3136 gratiam

150 3165 233 3218 curn
264 3140 354 3234 Papa
383 3156 421 3209 et
450 3134 603 3213 Ecclesia
633 3141 761 3216 aedile·
799 3143 881 3217 Vid.
915 3142 1004 3213 Otto
1034 3138 1283 3236 Frisrngensrs,
1326 3157 1365 3213 et

151 3233 350 3313 Gaufredus
373 3232 410 3305 in
435 3231 510 3304 vita
533 3234 701 3310 Bernardi
725 3238 746 3310 l.
772 3239 835 3312 ΙΙΙ.
862 3256 938 3330 cap.
963 3254 1023 3323 5.,
1058 3234 1150 3308 obiit
1182 3260 1213 3309 a.
1252 3259 1360 3327 1¹54·

151 3326 317 3429 Superest
342 3329 614 3403 commentamur
637 3331 711 3426 ejus
734 3332 772 3404 in
795 3329 957 3404 Boetium
980 3332 1024 3404 de
1057 3329 1236 3404 Trinitate
1268 3331 1365 3404 inter

150 3449 256 3526 opera
274 3422 413 3513 Boetii,
438 3440 473 3494 et
490 3419 647 3518 Epistola
661 3427 704 3498 ad
722 3426 964 3514 Matthaeum‚
982 3426 1154 3499 Abbatem
1171 3426 1365 3520 Florentii,

150 3523 242 3621 apud
266 3517 480 3595 Dacherium
504 3517 542 3592 ia
565 3517 760 3615 adpendice
782 3521 823 3597 ad
848 3542 951 3619 opera
984 3521 1170 3613 Guiberti,
1204 3543 1240 3597 et
1266 3524 1367 3597 Mar·

152 3637 237 3693 tene
262 3613 349 3689 thes.
374 3611 553 3689 Anecdot.
580 3631 664 3690 tom.
690 3616 742 3705 1.,
777 3612 857 3706 ubi,
898 3617 991 3714 quod
1024 3618 1236 3710 notandum,
1269 3619 1366 3695 inter

152 3712 243 3803 alia,
274 3708 385 3797 dicit,
416 3707 516 3805 posse
548 3730 654 3804 quem
679 3711 934 3788 communicare
959 3713 1016 3787 vel
1039 3711 1195 3810 insaliri
1230 3716 1365 3809 callais,

155 3809 213 3902 vel
236 3804 343 3902 salias
367 3807 497 3914 panis,
517 3802 750 3896 sacramento,
784 3825 821 3880 et
846 3829 971 3902 pueros
994 3810 1189 3906 baptizatos
1223 3809 1258 3883 in
1293 3813 1368 3888 solo

152 3904 282 3988 calice,
306 3899 464 3975 infirmor
486 3922 525 3974 ιιι
547 3898 621 3972 solo
640 3925 753 3996 pane,
777 3901 845 3976 elle
867 3902 959 3976 enirn
986 3923 1098 3979 totum
1124 3905 1300 3979 Christum
1324 3908 1365 3985 in

153 3997 289 4112 fingulia
304 3994 517 4106 elementia,
546 3995 606 4071 seu
630 4017 771 4073 carnem
795 4015 833 4074 et
857 3998 1057 4097 sanguinem
1083 3999 1229 4097 Inpane
1253 4024 1367 4098 aeque

147 4117 190 4174 ac
214 4117 252 4174 ιιι
276 4115 377 4178 arao.
1171 4096 1207 4196 ς.
1228 4095 1369 4183 XVIII.
