3022 4806
1202 436 1245 481 ιφ.

1244 488 1264 517 ἱ

131 636 209 710 m
515 602 663 697 Historia
685 603 959 706 Ecclefi'clrrr'ss.

137 786 276 867 stitutio
307 785 420 863 exstat
452 783 542 858 inter
565 799 823 883 extravagantes
845 808 1027 863 cumeram
1048 808 1124 889 esp.
1148 793 1367 889 umqum

142 888 189 963 de
210 889 412 982 poenitentia
444 902 482 955 et
511 877 701 976 renuffioua.
752 883 857 957 Unde
881 885 920 959 in
945 888 1072 981 vulgus
1084 910 1258 965 emanavit
1274 896 1362 990 opi·

143 982 234 1070 nio,
257 980 420 1073 Jrrbs'lara
446 978 679 1053 Eccleliariica
706 982 791 1053 huic
819 976 934 1053 secula
954 984 1084 1055 debere
1105 984 1295 1083 originem,
1320 1010 1364 1065 er

141 1078 362 1155 Bonifatium
386 1075 457 1147 ene
478 1072 696 1149 centenariae
720 1075 959 1169 indulgentiae
983 1096 1156 1153 autorem.
1207 1082 1279 1155 Sed
1296 1087 1365 1161 Ca·

143 1174 450 1253 sualica-Romani
476 1194 498 1243 e
531 1191 654 1242 contra
685 1167 890 1266 opinantur,
921 1172 1050 1268 Papam
1081 1174 1225 1271 quidem
1249 1178 1366 1257 indul.

143 1273 299 1369 gentiam
309 1267 494 1340 secularem
511 1263 711 1355 sancivisse,
728 1284 766 1337 et
784 1268 1176 1361 semperobservandnm
1192 1275 1367 1370 voruine,

144 1388 266 1439 verum
292 1384 446 1445 murem,
474 1383 545 1455 quo
567 1382 656 1434 anno
673 1360 800 1457 quouis
813 1360 1005 1438 centefimo
1021 1367 1171 1463 populus
1187 1368 1366 1467 Romam,

146 1465 189 1535 ad
213 1457 402 1531 Eccleliam
427 1455 634 1529 Vaticanum
657 1457 699 1531 ad
722 1455 956 1552 indulgentias
986 1458 1163 1535 lucrandas
1233 1468 1364 1560 rrerit,

142 1558 215 1653 jam
244 1573 346 1628 antea
378 1549 547 1649 viguiffe‚
586 1572 794 1646 argumente
819 1552 937 1662 petito
960 1576 1042 1629 curn
1073 1577 1121 1630 err
1140 1555 1217 1654 ipn'
1235 1562 1363 1638 cunsti-

145 1650 306 1738 tusiune‚
331 1670 405 1721 tum
421 1644 622 1722 extraema
641 1646 761 1744 Jacobi
772 1648 931 1740 cajetani
947 1648 991 1722 de
1005 1649 1191 1745 semestrua,
1215 1660 1273 1731 vel
1291 1657 1363 1753 Ja-

147 1748 265 1825 bilaeo.
317 1745 384 1818 Sed
403 1763 518 1816 totum
535 1742 617 1815 illud
635 1744 879 1819 nonnullorum
896 1742 1052 1820 fidelium
1069 1747 1298 1827 relationibus
1313 1750 1366 1829 est

148 1840 328 1928 innixum,
347 1838 643 1935 idquesecundum
656 1836 893 1912 testimonium
904 1839 1232 1939 Cajetaui‚uepotis
1241 1870 1365 1944 papae.

148 1938 254 2038 Quod
277 1937 382 2010 nimis
406 1931 574 2007 lubricum
592 1930 642 2005 est
660 1931 918 2023 testimonium,
943 1938 999 2009 vel
1015 1936 1133 2032 potius
1159 1958 1277 2017 tutum
1300 1945 1364 2020 fic·

150 2055 249 2121 tum,
282 2053 339 2106 aut
367 2032 585 2104 subornatum
602 2055 620 2103 a
637 2030 727 2125 Papa
744 2048 780 2101 et
797 2030 1049 2124 complicibus,
1072 2035 1116 2105 ad
1129 2056 1262 2111 aunum
1279 2062 1365 2115 cerr·

150 2129 311 2203 tesrmum
344 2125 598 2201 stabiliendum.
644 2125 702 2199 De
727 2148 798 2221 quo
832 2150 943 2223 nuper
972 2127 1169 2203 luculenter
1200 2136 1366 2231 exposuit

151 2227 224 2300 Vir
248 2224 477 2297 Reveresdus
490 2241 526 2294 et
541 2221 696 2295 eruditus
713 2218 828 2293 Pastor
842 2221 1028 2317 Hagiensrs
1043 2226 1082 2297 C.
1098 2225 1204 2302 Chais
1222 2233 1364 2327 irrepis·

151 2326 226 2395 ralis
243 2321 280 2389 de
299 2320 479 2409 Jubilae03
505 2319 564 2408 qui
580 2318 733 2387 rationes
747 2316 906 2407 politicas
924 2336 960 2390 et
975 2317 1246 2415 superstitiosas,
1273 2352 1364 2425 quae

149 2418 277 2505 Papam
294 2418 334 2484 ad
361 2413 430 2483 hoc
457 2410 650 2483 institutum
674 2432 885 2496 moverunt,
911 2436 982 2485 non
1006 2414 1165 2511 neglexit
1191 2422 1231 2495 iu
1246 2424 1362 2501 lusem

150 2505 332 2607 prolerre„
373 2508 536 2577 Ceterum
560 2501 755 2579 Bouilaeius
772 2527 838 2580 nec
854 2508 1046 2602 anilueum
1062 2512 1266 2606 adpellrvis,
1291 2540 1357 2593 nec

150 2624 279 2679 annum
307 2596 619 2694 quinquagesimum
646 2597 816 2687 instituit,
840 2606 998 2696 adeoque
1023 2606 1064 2678 ad
1083 2607 1276 2701 Jubileeurn
1296 2614 1356 2710 Ju-

151 2700 289 2781 daicum
311 2718 380 2771 non
398 2717 487 2783 tam,
501 2717 602 2791 quam
621 2690 719 2766 ludos
735 2696 899 2771 seculares
916 2699 1176 2793 Romanorum,
1195 2712 1361 2807 respexis-

151 2794 187 2875 se
221 2792 380 2879 videtur,
422 2815 509 2888 quus
546 2791 582 2863 iu
616 2787 722 2863 sacras
752 2795 934 2867 convertit
968 2800 1202 2891 ceremonias,
1234 2830 1277 2880 ut
1313 2805 1362 2882 fr.

153 2914 235 2970 cere
251 2890 354 2986 saepe
374 2888 529 2962 solebant
547 2883 745 2960 Christiani.
772 2889 933 2962 Clemens
949 2915 1035 2963 veru
1055 2894 1122 2966 Vl.
1138 2897 1248 2974 ritum
1268 2892 1364 2978 illum

149 2989 193 3063 ad
223 3008 350 3065 annum
382 2980 696 3079 quinquagefimum
730 2983 892 3073 reduxit,
918 3005 955 3059 et
987 2986 1119 3081 primus
1142 2994 1195 3065 est
1220 2999 1366 3074 nomine

151 3080 295 3183 Jubilaei
315 3077 410 3165 usus.;
445 3076 624 3172 postea-ad
642 3100 749 3151 annos
770 3078 917 3174 triginta
935 3102 1004 3155 tres
1022 3084 1180 3162 Urbanus
1191 3092 1285 3182 VL,
1309 3098 1368 3169 de·

151 3179 258 3274 nique
273 3173 394 3246 Paulus
411 3174 458 3247 ΙΙ.
478 3192 514 3244 et
540 3173 659 3247 Sixtus
676 3174 743 3247 IV.
772 3176 961 3250 terminum
990 3178 1363 3280 quinquelustrorum‚

150 3277 208 3351 vel
235 3292 281 3359 25
308 3292 408 3356 anm,
434 3269 634 3362 posuerunt.
685 3269 767 3342 Fuit
783 3290 898 3343 autem
916 3272 984 3344 hoc
999 3296 1090 3346 annu
1105 3275 1233 3375 ingens
1249 3287 1365 3361 homi·

151 3392 236 3449 num
261 3365 447 3440 concursus
469 3364 642 3451 Rumam,
666 3381 703 3434 et
726 3364 881 3440 inmensa
905 3368 1133 3445 donationum
1152 3399 1195 3450 nc
1211 3384 1365 3458 oblatio·

150 3487 234 3543 num
258 3463 363 3556 copia
385 3459 422 3533 in
446 3460 642 3543 thesaurum
668 3459 825 3555 Papalem
842 3463 1023 3539 confluxit.
1074 3466 1362 3555 Exclufitautem

150 3564 223 3637 huc
240 3555 416 3634 beneficio
435 3554 721 3645 Fredericuml,
741 3558 963 3647 Genuenses,
982 3561 1134 3651 Siculos,
1155 3569 1366 3649 Columnen·
1399 3606 1407 3617 ·

150 3658 223 3747 ses,
242 3651 431 3746 omnesque
446 3674 530 3742 eos,
548 3656 607 3747 qui
627 3672 758 3726 merces
772 3654 845 3728 suas
862 3658 903 3728 ad
915 3660 1103 3733 Saracenos
1119 3663 1365 3761 deportassent.

539 3841 667 3917 VlTA
691 3842 761 3919 ET
787 3846 973 3923 MORES.

189 4043 223 4146 5.
248 4033 495 4119 ccxxxvn.
519 4027 621 4108 Novi
643 4033 908 4117 Menaenorum
934 4039 1102 4139 Ordines,
1127 4058 1362 4228 summae

1137 4200 1142 4213 ·
1329 4177 1364 4230 ru
