3022 4806
129 584 201 665 ,72
514 484 814 673 operabaris.
837 532 955 667 unna

136 741 346 841 disciplinam
373 743 604 843 pertinentia,
629 746 755 822 leviter
779 730 1030 845 perstringant,
1051 736 1199 819 initiet
1227 733 1359 834 coaffec-

131 843 224 937 fiana
246 844 454 930 auriculari,
478 845 521 917 ab
551 842 762 922 Innocentio
787 842 852 916 111.
887 842 925 913 in
951 836 1100 919 concilio
1119 830 1354 914 lateranensi

132 940 211 1012 tV.
230 941 357 1011 sancita
368 995 377 1025 ,
388 938 689 1039 sacto,postqoam
698 942 809 1012 verbo
816 956 1083 1042 memoravero,
1100 944 1230 1007 canbne
1239 932 1293 1003 xt
1300 930 1350 1003 V.

139 1033 284 1106 concilii
297 1033 467 1107 'l'ololani
477 1059 506 1109 a.
528 1054 631 1125 1229.
649 1034 764 1107 Laicis
780 1030 881 1107 firiffe
894 1031 1045 1106 vetitum
1061 1030 1167 1103 lubrot
1180 1026 1231 1102 V.
1247 1048 1286 1098 et
1295 1020 1349 1096 N.

142 1128 239 1202 Test.
264 1131 401 1222 legere,
427 1152 556 1225 eosque
573 1131 701 1204 habere
723 1132 905 1204 translator
919 1126 957 1203 in
973 1128 1109 1225 linguar
1130 1122 1347 1197 vernaculas.

144 1224 250 1320 Quod
284 1244 321 1293 et
349 1223 429 1295 ideo
461 1224 511 1298 est
545 1244 667 1299 notatu
698 1222 865 1323 dignius,
904 1222 986 1321 quia
1019 1220 1130 1319 prima
1168 1214 1222 1290 est
1254 1214 1353 1311 huju

139 1323 193 1394 rei
224 1315 419 1405 inhibitio;
452 1340 614 1416 quantum
646 1319 735 1394 milri
762 1317 907 1395 constat.
956 1315 1098 1391 Privata
1122 1332 1349 1418 peccatorutu

140 1410 329 1501 confeffio,
357 1435 396 1484 ut
412 1437 484 1487 rern
520 1418 597 1489 aulo
614 1415 714 1490 altius
728 1437 764 1487 re
791 1433 906 1505 etam,
931 1414 1047 1487 seculo
1063 1410 1128 1485 IX.
1145 1405 1258 1482 inusu
1275 1429 1349 1503 qur·

138 1510 221 1583 dem
239 1507 310 1600 jam
335 1509 424 1597 fuit,
452 1440 518 1583 sed
536 1512 702 1609 cujusque
726 1440 872 1585 ardittio
898 1509 1039 1598 relicta,
1062 1528 1134 1579 non
1151 1526 1218 1602 per
1236 1506 1348 1597 legem

140 1602 329 1679 necessaria
346 1604 455 1696 fadla,
481 1622 548 1680 nec
570 1626 640 1679 tarn
659 1606 751 1695 fuse,
775 1607 868 1680 circa
887 1601 1001 1676 omnis
1016 1600 1156 1701 generis
1172 1614 1211 1671 et
1225 1598 1348 1695 gradu

138 1714 307 1797 peccata,
340 1722 406 1774 nec
430 1703 537 1775 etiam
566 1723 630 1796 pro
652 1698 864 1774 sacramento
888 1696 1025 1788 habita,
1049 1716 1199 1794 quacum
1224 1694 1348 1767 cohae-

143 1815 221 1887 reat
243 1796 433 1881 absolutio,
458 1795 589 1893 quippe
613 1818 693 1869 curn
715 1794 926 1875 confessione
949 1792 1030 1865 Deo
1051 1790 1267 1888 conjuncta;
1288 1786 1346 1859 tie·

144 1891 206 1967 bat
229 1906 341 1961 autem
364 1890 498 1986 privata
519 1890 685 1965 confeffio
702 1913 747 1964 eo
766 1890 886 1984 scopo,
912 1907 950 1963 ut
972 1887 1160 1984 poenitens
1177 1882 1225 1957 de
1245 1879 1351 1989 ruodo

142 1984 387 2083 poenitentiae
403 1985 559 2081 agendae
575 1984 801 2059 instrueretur
815 1982 1037 2071 asacerdote,
1062 2004 1133 2059 non
1150 1997 1191 2054 ut
1208 1977 1353 2053 solemur

147 2080 299 2156 formula
322 2104 380 2176 rgo
401 2081 527 2180 absoluo
544 2098 577 2154 te
591 2081 653 2174 ipsu
668 2077 937 2155 adnunciaretur
951 2075 1121 2165 remiffi03
1149 2072 1354 2149 ulitataerat

144 2178 295 2253 normata
322 2178 519 2274 precatoria
541 2197 671 2252 tanturn
688 2176 913 2274 absolutionem
937 2190 968 2271 at
981 2170 1277 2277 rernaffiantntibi
1291 2169 1352 2273 tti-

143 2275 227 2368 auat
251 2271 362 2359 Dans,
414 2299 474 2347 uae
500 2274 637 2346 Tornae
653 2291 810 2368 tempore
828 2269 938 2343 adhuc
951 2270 986 2343 in
1001 2267 1059 2341 usu
1075 2266 1165 2356 fuit,-
1190 2286 1234 2340 ut
1252 2290 1298 2341 ex
1313 2284 1356 2335 0··

144 2368 290 2460 puscolo
305 2298 420 2438 md.
442 2368 578 2440 Tomae
595 2385 704 2463 patet.
751 2366 903 2440 Invaluit
926 2387 1011 2438 vero
1027 2362 1103 2459 post
1120 2364 1275 2436 seculum
1286 2358 1349 2433 IX.

146 2457 316 2530 confellio
340 2459 536 2531 auricularis
558 2482 626 2531 non
648 2477 798 2547 tanturn,
831 2460 892 2535 sed
919 2478 954 2533 et
977 2459 1100 2555 opinio
1121 2458 1169 2532 de
1190 2459 1267 2553 ejus
1287 2477 1349 2527 ne·

148 2551 330 2639 cellitate3
363 2555 488 2648 absque
506 2572 641 2642 tannen,
669 2573 705 2629 ut
732 2555 902 2629 hacresros
925 2573 1006 2628 nota
1030 2554 1137 2627 fuerit
1152 2550 1347 2628 conuuiae

147 2644 308 2742 opinioni
327 2645 458 2739 inusta,
482 2666 539 2723 aut
553 2649 773 2724 consessionis
797 2673 841 2724 ne
867 2651 992 2739 leblui3
1015 2648 1107 2746 qood
1124 2650 1195 2723 hoc
1210 2648 1351 2723 demum

148 2744 264 2820 seculo
282 2766 345 2837 per
360 2745 540 2837 Synodum
558 2744 822 2819 Lateraneusem
843 2678 971 2819 {tuum
984 2745 1045 2824 est.
1070 2747 1171 2818 Inter
1186 2743 1281 2840 ipsos
1289 2743 1353 2816 Ca·

147 2840 301 2914 tholicos
319 2860 388 2911 nou
406 2837 572 2928 defuisse,
599 2840 657 2936 qui
675 2841 708 2912 ei
725 2842 899 2914 adsensum
917 2865 960 2913 ne
985 2858 1105 2931 arunt,
1128 2836 1354 2915 manifestum

150 2934 202 3008 est
222 2957 252 3007 1.
269 2956 312 3005 ex
329 2935 432 3006 Petro
446 2936 862 3011 LornbardoSententiar.
882 2938 932 3011 l.1
975 2991 1004 3017 .,
1023 2936 1082 3010 ubi
1098 2928 1351 3031 dicit,paibut·

153 3032 228 3102 ulam
238 3027 299 3123 effa
314 3029 415 3123 nisum
424 3027 581 3125 sufficere
592 3099 599 3113 ,
610 3031 719 3127 fisuli
734 3032 877 3128 Dtafiat
893 3029 1063 3128 canfaffia,
1073 3028 1147 3125 fine
1155 3028 1352 3129 judlat‘osa·

152 3125 306 3198 cardatala'
330 3143 360 3194 et
383 3126 570 3226 confefflana
594 3127 773 3220 Ecclestaa.
817 3128 1011 3201 Diffensum
1036 3128 1120 3201 licet
1144 3127 1353 3237 profiteatur

153 3217 388 3306 Lombatdus,
415 3241 451 3295 et
476 3222 680 3319 opinionem
706 3246 826 3297 eorum
852 3222 1003 3311 refutet,
1021 3223 1210 3297 haeretrcia
1235 3239 1364 3296 tarnen-

152 3337 212 3388 eos
230 3338 299 3387 non
317 3316 496 3408 adscribit,
521 3337 578 3390 aut
594 3321 795 3393 catholicos
812 3315 878 3390 else
896 3337 1017 3414 negat,
1035 3318 1093 3428 qui
1111 3342 1188 3391 eam
1205 3317 1353 3406 fonent3

153 3431 189 3483 2.
202 3434 246 3484 ea
257 3412 465 3487 Gratianoin
477 3416 894 3509 tractatudepoaniaentia:
913 3415 970 3488 ubi
984 3434 1162 3510 utriusque
1180 3413 1303 3508 partia,
1318 3431 1354 3487 et

153 3528 302 3594 eorum,
335 3510 393 3618 qui
426 3511 674 3606 confeffionem
699 3511 761 3585 soli
785 3512 865 3584 Deo
893 3510 1047 3585 sufficere
1070 3511 1290 3599 censebant,
1319 3525 1355 3583 et

155 3622 277 3677 eorum
301 3624 361 3695 qur
384 3610 576 3698 negabant,
602 3606 799 3704 proposita,
826 3607 1016 3681 concludit:
1041 3612 1095 3678 cui
1109 3623 1218 3680 autern
1241 3608 1354 3680 larunt

153 3700 260 3793 potius
287 3698 517 3774 adhaerendum
532 3701 609 3793 fit,
645 3707 768 3776 latiaris
783 3702 911 3794 judicia
935 3700 1137 3799 restruatur:
1161 3718 1300 3797 utraque
1321 3722 1353 3773 a·

154 3796 222 3867 nin
236 3791 391 3884 fautores
414 3797 510 3866 habet
527 3795 688 3882 sapientes
713 3816 750 3870 et
771 3798 936 3890 religiosae
961 3801 1057 3872 uiros.
1086 3820 1118 3891 3.
1145 3798 1283 3871 Tomaa
1305 3796 1351 3868 Α·

155 3887 326 3987 quinario
345 3887 551 3991 Magistrum
571 3891 818 3966 sententiarum
837 3891 935 3985 ills.
955 3889 1104 3969 dillindl.
1118 3914 1174 3987 17·
1193 3910 1228 3965 et
1248 3894 1367 3964 Bona·-

154 3996 302 4063 vtntura
324 3984 366 4060 ad
384 3986 553 4080 Turtam,
578 3988 622 4063 de
637 3990 701 4065 hac
718 3983 917 4089 quaestione
932 4008 1092 4089 agentes,
1117 3986 1349 4153 concludaff:

158 4118 167 4131 ι
745 4098 748 4105 “
1312 4104 1349 4151 ⁴·
