3022 4806
123 588 204 661 '428
523 581 672 678 Historia
693 581 822 683 Ecsles.
846 577 961 682 ciust.

139 754 240 851 cujus
272 757 497 834 conditiones
528 779 566 831 et
590 760 655 833 hae
678 761 842 854 fuerunt,
880 779 919 835 ιιι
945 753 1071 834 Franci
1105 750 1179 849 juri
1211 750 1247 825 in
1269 767 1353 839 reg·

142 874 229 931 num
263 855 459 950 dragoniae
492 860 763 947 renunciarent,
809 878 847 933 et
878 860 1049 951 Aragonir
1090 852 1273 929 Siciliam,
1313 857 1352 909 et

144 950 312 1047 quicquid
337 974 373 1025 ιιι
398 951 541 1023 Bruttiis
565 975 846 1047 occupaverant,
878 953 951 1027 sedi
978 952 1162 1024 Romanae
1192 942 1351 1017 rellrtue·

147 1060 251 1134 rent,
285 1048 419 1142 litisque
449 1044 564 1141 copiis
595 1052 730 1124 Siculos
761 1054 802 1124 ad
845 1048 1049 1145 obsequium
1088 1040 1352 1134 conpellerent.

149 1140 289 1238 Regem
316 1142 470 1229 niniae,
496 1163 573 1215 cum
598 1145 883 1243 Archiepiscopo
899 1146 959 1218 suo
977 1140 1220 1225 diffidentem,
1246 1150 1352 1238 quem

147 1238 257 1311 etiarn
281 1237 317 1309 in
337 1237 474 1309 vincula
489 1241 713 1333 conjecerat,
743 1243 883 1314 eumad
900 1238 1077 1313 meliorem
1093 1252 1249 1307 mentem
1269 1223 1353 1300 irus·

149 1351 203 1405 tra
227 1351 371 1405 conatus
394 1332 479 1405 ell'et
503 1342 689 1427 reducere,
721 1336 897 1426 censuris,
930 1354 967 1407 et
990 1353 1139 1428 regnum
1162 1322 1355 1400 interdicis

147 1429 264 1514 sacro,
300 1426 465 1522 subjecit:
502 1431 594 1525 quod
618 1432 715 1510 ada.
744 1454 848 1527 1399.
874 1429 1024 1506 duravit.
1076 1426 1213 1499 Siculos
1246 1439 1354 1506 vero,

147 1522 207 1620 qui
235 1521 411 1599 Gallorum
428 1525 603 1620 inperium
618 1527 701 1600 odio
726 1530 916 1615 habebant,
941 1541 996 1610 et,
1025 1543 1064 1597 ut
1087 1523 1123 1594 se
1146 1536 1353 1599 tuerentur,

146 1616 391 1711 Fredericurn,
416 1620 540 1716 Jacobi
563 1623 763 1719 Aragoniae
788 1621 953 1711 fratrem,
980 1640 1064 1693 tunc
1088 1616 1225 1689 Siciliae
1251 1632 1352 1707 prae·

144 1711 525 1805 renumeraverat
552 1719 690 1813 Regem
714 1719 829 1805 suum,
855 1741 936 1791 curn
960 1738 1027 1790 nec
1056 1707 1256 1797 blanditiis,
1289 1723 1354 1778 nec

146 1810 274 1900 minis,
300 1814 342 1885 ab
367 1833 412 1885 eo
434 1811 547 1906 pollet
563 1835 743 1903 avertere,
768 1815 937 1908 Jacobunr
955 1808 1152 1906 Aragoniae
1167 1801 1352 1909 constituit

147 1906 385 1983 vexilliferum
411 1909 531 1994 lirum,
558 1929 595 1980 et
610 1911 744 1984 classem
760 1909 875 2004 parari
895 1907 1053 1995 curavit,
1085 1922 1122 1975 ut
1146 1925 1223 1975 rem
1247 1917 1351 1972 armis

146 2018 318 2091 tentaret,
352 2001 438 2077 licet
463 2002 654 2078 infidelium
679 2005 918 2102 praetenderit
940 1999 1256 2098 oppugnationem.
1306 1993 1352 2066 E·

145 2096 290 2175 vocavit
313 2095 418 2173 etiam
444 2100 603 2175 Carolum
629 2101 824 2189 Valelium,
848 2099 1021 2175 Comitem
1036 2093 1352 2196 Andegavensem‚

148 2195 301 2292 Philippi
328 2196 497 2275 Franciae
524 2195 688 2288 fratrem,
713 2197 752 2272 in
775 2195 930 2284 Italiam,
964 2211 1000 2265 ιιι
1024 2190 1160 2265 Siculos
1188 2188 1228 2263 iu
1257 2186 1353 2263 ordr-

145 2314 225 2365 nem
248 2290 445 2385 redigeret,
474 2313 511 2366 et
534 2295 655 2367 Italiae
669 2290 881 2367 factionibus
896 2289 1035 2364 obicem
1052 2306 1217 2396 poneret.
1271 2284 1355 2378 Quo

145 2387 208 2458 fini
232 2384 343 2478 ipsum
368 2387 508 2458 ditionis
531 2387 704 2461 Ecclesiae
729 2390 912 2461 Romanae
946 2400 1081 2459 creavrt
1110 2378 1381 2465 Praefeslurn„

146 2479 295 2552 Tusciae
334 2479 542 2573 paciarium,
577 2498 612 2552 et
645 2483 777 2575 lnperii
811 2480 1007 2558 Vicarium.
1054 2478 1138 2550 Fuit
1168 2494 1285 2548 autem
1319 2474 1354 2545 in

146 2573 289 2647 Siciliae
317 2578 471 2646 motibus
501 2579 756 2670 componendis
786 2576 925 2651 felicior
959 2574 1133 2662 Valesius,
1173 2595 1280 2668 quarn
1312 2569 1352 2642 in

145 2669 293 2754 ltaliae,·
321 2691 399 2742 cum
417 2693 461 2743 eo
485 2691 538 2743 ιιι
554 2672 752 2766 redegerit,
778 2693 816 2746 ut
841 2697 907 2766 pax
931 2673 1025 2745 inter
1048 2669 1232 2755 Carolum,
1259 2666 1351 2738 Sici·

144 2762 211 2840 liae
229 2789 370 2862 regem,
392 2776 428 2839 et
440 2767 683 2857 Frcdcricum,
701 2770 957 2864 usurpatorem,
978 2767 1086 2841 fucrit
1100 2789 1131 2838 a.
1150 2785 1256 2858 1302.
1275 2762 1349 2835 san·

146 2860 240 2951 cita;
265 2886 352 2958 quae
376 2887 396 2936 a
418 2865 509 2958 Papa
533 2861 600 2936 fnit
623 2889 653 2939 a.
684 2889 788 2959 1303.
813 2865 1030 2937 confirmata.

191 2959 222 3057 ᾗ.
249 2960 410 3033 cxcvi.
441 2960 627 3054 Praecipua
657 2963 729 3057 ejus
759 2959 827 3035 fuit
858 2956 1078 3034 concertatio
1101 2979 1183 3031 cum
1209 2954 1347 3031 Colum·

144 3054 329 3142 nensrbus,
364 3072 401 3124 et
431 3054 595 3151 Philippo
629 3057 814 3131 Galliarum
846 3057 980 3150 Rege,
1020 3056 1122 3151 paulo
1153 3049 1354 3127 adcuratius

143 3149 343 3223 enarranda.
390 3148 493 3222 Adeo
518 3150 775 3229 studiosussuir
791 3155 882 3245 Papa
899 3151 1060 3225 lidionis
1081 3149 1283 3237 Guelficae,
1309 3162 1352 3217 uc

138 3245 336 3319 fiberinos
359 3267 429 3317 non
456 3264 610 3338 tanturn,
634 3248 692 3320 sed
717 3269 753 3320 et
785 3247 1054 3339 Columnenles,
1089 3244 1350 3318 Gibellinarum

142 3342 318 3439 partium,
355 3340 416 3413 srbi
442 3344 692 3431 adversantes,
712 3344 846 3417 summo
871 3342 979 3417 fuerit
1009 3341 1214 3437 prosecutus
1247 3337 1349 3411 odio.

138 3439 232 3513 Cum
273 3437 470 3513 cardinales
510 3438 756 3514 Columnenles
792 3437 976 3514 audivisset
1012 3441 1155 3514 Genuae
1195 3433 1353 3525 morari,

140 3532 460 3630 Arclriepiscnpum
478 3533 727 3626 -Genuensem,
752 3534 813 3631 qui
835 3536 895 3610 die
920 3537 1077 3610 cinerum
1101 3549 1246 3607 venerat
1271 3531 1352 3604 Ro·

142 3654 255 3720 nram,
280 3629 322 3703 ad
347 3628 453 3725 pedes
478 3632 555 3706 suos
577 3631 844 3727 procidentem,
870 3632 1050 3706 adlocutus
1071 3630 1181 3705 fertur
1200 3628 1238 3701 in
1261 3627 1353 3700 dura

140 3731 270 3809 verba:
303 3726 429 3821 quibus
453 3723 627 3799 solennem
652 3727 834 3800 formulam
868 3728 1072 3817 sacerdotis,
1105 3741 1261 3798 incruento
1295 3725 1353 3797 lio·

143 3853 213 3916 mo,
237 3824 312 3921 quin
337 3824 420 3896 cinis
438 3845 493 3908 es,
522 3839 554 3892 er
579 3828 612 3895 in
638 3831 774 3898 cinerem
799 3826 990 3912 reverteris,
1013 3821 1063 3897 ita
1080 3821 1248 3906 invertit,
1281 3843 1352 3897 me·

141 3942 246 4006 mento
263 3918 369 4007 horno,
394 3919 468 4010 quia
497 3915 678 3991 Gibellinur
694 3945 743 4010 es,
775 3933 807 3990 ιι
832 3940 903 3990 cum
928 3920 1100 3994 Glbellinr's
1142 3921 1177 3990 r‘n
1209 3919 1353 3991 cinerem

135 4018 330 4123 essentiis:
356 4034 393 4093 ut
410 4012 584 4107 Blandus,
600 4014 758 4109 Platina,
775 4012 909 4109 etalii,
932 4015 1102 4120 referunt.
1154 4015 1240 4093 Duo
1258 4012 1354 4093 scili·

168 4129 172 4135 '
1295 4130 1359 4190 cet
