3022 4806
644 557 751 637 Srcril.
779 554 878 634 XVI,
1288 576 1363 665 ⁶25

136 769 262 832 ornner
285 742 466 820 horninuni
494 737 651 834 ordines,
676 761 744 815 nec
766 760 841 813 non
855 733 1050 815 miserrimo
1072 737 1248 819 Ecclesiae
1267 767 1357 824 coti·-

136 849 293 936 ditione,
324 840 513 938 praecipue
537 860 723 935 antequam
752 833 960 910 reformetio
983 838 1078 912 vires
1107 840 1359 936 acquisiverat,

141 947 252 1026 multa
280 935 435 1036 proferri
461 934 599 1034 possent
626 931 846 1022 testimonia,
885 954 973 1025 quae
1003 957 1083 1008 cuin
1112 934 1294 1015 doctorum
1319 957 1360 1015 et

141 1044 286 1148 piorum
311 1033 496 1133 querelae,
522 1053 598 1105 tura
621 1024 853 1106 Comitiorurn
872 1048 909 1101 et
927 1029 1150 1129 synodorum
1174 1034 1361 1112 conseffio·

144 1160 230 1228 net,
254 1153 328 1210 tuni
351 1127 611 1203 reformationis
628 1123 794 1203 desideria
818 1127 1020 1202 communia
1043 1145 1081 1201 et
1100 1126 1255 1226 publica,
1281 1135 1362 1230 sup·

146 1231 330 1414 {editam
361 1225 419 1299 led
443 1225 530 1298 haec
547 1223 618 1320 jani
643 1220 887 1322 produxerunt
908 1221 1163 1314 Protestauter,
1196 1246 1234 1302 ut
1256 1229 1362 1304 Wol-

178 1354 216 1408 ut
238 1327 277 1406 io
310 1322 767 1432 LectionibusMemiron,
783 1333 821 1389 et
851 1316 996 1429 epistola
1028 1324 1283 1492 nuncupatoria
1319 1322 1363 1400 ad

147 1421 435 1602 anguem&
449 1413 1365 1621 dr}stddddffivrdidtdddssdrmfddiddidssrsffcddndodscdiissl:

148 1616 341 1707 Lotheran.
365 1609 402 1684 in
426 1611 623 1706 principio,
649 1626 688 1682 et
704 1629 792 1702 quae
808 1628 851 1678 eit
871 1606 1033 1681 Guttelio
1049 1607 1161 1681 adfert
1181 1637 1211 1688 a.
1232 1636 1339 1706 1522.

150 1711 235 1796 aliie
256 1712 303 1786 ita
319 1727 358 1783 ut
376 1706 437 1779 hic
455 1729 568 1779 moras
586 1728 656 1779 nun
675 1699 808 1775 necesse
826 1700 1034 1812 lit-trahere.
1088 1701 1208 1781 Exstat
1224 1667 1366 1808 quoque

151 1813 192 1889 in
218 1807 358 1887 scrinio
383 1798 597 1876 Gerdesiano
619 1818 705 1873 toni.
729 1797 797 1871 vl.
828 1794 973 1893 epistola
1003 1797 1256 1894 G.·Herveti,
1295 1804 1366 1883 viri

149 1903 263 1987 nortl
289 1922 328 1977 et
351 1896 543 1986 Catholici,
586 1897 628 1971 ad
662 1899 708 1970 A.
733 1893 989 1984 Salmeroneni,
1032 1894 1069 1970 in
1096 1919 1162 2006 qua
1188 1898 1368 1977 Ecclesiae

151 2006 335 2079 Romanae
365 1995 565 2088 corruptela
599 1993 673 2067 fuse
702 1990 931 2078 describitur3
972 1992 1135 2067 notabilis
1158 1996 1264 2073 etiam
1289 2018 1368 2074 earn

148 2101 189 2176 in
221 2091 437 2170 remoratio
470 2088 645 2164 Francisci
676 2085 755 2162 Pici
784 2087 826 2158 ad
859 2085 1019 2158 Leonem
1045 2088 1092 2162 X.
1124 2106 1161 2162 et
1186 2092 1367 2192 Synoduni

149 2188 436 2276 Lateranensern,
461 2186 551 2279 apud
568 2205 728 2259 autorem
744 2180 995 2275 Paralipomen.
1014 2183 1180 2281 Ursperg.
1207 2215 1237 2265 a.
1260 2213 1273 2262 i
1280 2212 1366 2285 517·

146 2286 353 2389 Ignorantia
361 2281 501 2378 utique,
520 2300 557 2353 et
566 2279 714 2355 studium
724 2277 923 2374 Scripturae
931 2278 965 2351 S.
979 2332 989 2366 ,
1009 2297 1047 2352 et
1063 2279 1228 2361 scientiae
1245 2285 1367 2362 saluta·

140 2391 201 2467 ¹rio
223 2378 443 2477 neglectum,
475 2375 560 2472 quin
583 2377 758 2474 spretum,
794 2395 905 2449 vanae
933 2372 1208 2472 disputationes,
1250 2384 1369 2479 super·

149 2482 273 2570 ilitio,
299 2471 508 2576 hypocrisis,
535 2472 653 2562 luxui,
679 2471 807 2560 libido,
823 2467 994 2561 avaritia,
1014 2469 1168 2566 frauder,
1194 2478 1369 2572 ambitio,

151 2572 327 2678 tyrannis,
351 2571 480 2666 aliaque
504 2566 646 2645 vitiatt
667 2565 834 2659 crimina,
859 2589 925 2666 per
950 2585 1067 2648 toturn
1089 2568 1267 2651 Ecclesiae
1289 2596 1370 2652 cot·

147 2700 216 2778 pus
238 2668 379 2771 grassata
403 2664 493 2742 sunt.

600 2854 920 2937 warnunsus.
1012 2824 1014 2828 ‘

198 3057 230 3157 p.
255 3051 459 3128 DLXXIV.
494 3047 701 3125 waldenses
730 3069 811 3126 curn
841 3046 939 3125 inter
966 3047 1128 3150 antiquos
1155 3048 1192 3126 iri
1217 3051 1372 3134 Ecclesia

151 3149 513 3231 CatholicoRornana
538 3145 670 3222 fuerint
692 3145 910 3236 haereticor,
952 3165 989 3222 et
1014 3146 1062 3224 sin
1092 3148 1196 3224 ularia
1222 3149 1294 3228 hoc
1317 3151 1372 3229 so·
1414 3205 1417 3213 -

154 3255 237 3327 culo
270 3245 440 3323 subierint
464 3243 556 3336 fata,
589 3243 634 3316 de
663 3241 848 3339 tyrannide
884 3242 1050 3319 Antichri
1083 3266 1161 3319 iana
1187 3243 1371 3341 testantia,
1417 3254 1419 3259 ’

152 3369 275 3423 eorum
299 3341 444 3416 historia
472 3340 532 3413 hic
559 3338 700 3413 videtur
725 3338 910 3430 tradenda,
945 3361 1012 3434 pro
1036 3340 1162 3415 ordine
1196 3340 1375 3458 hucusque
1424 3323 1429 3347 ι

152 3444 351 3546 observato.
400 3435 605 3509 Waldenler
628 3433 826 3544 Prdfminri'i
856 3453 889 3509 er
913 3431 1151 3531 Delpliinoriir,
1208 3437 1244 3511 ui
1266 3437 1375 3535 prinis

154 3539 228 3617 sele
258 3537 360 3605 nobit
393 3530 571 3623 offerunt,
611 3549 765 3604 oninium
796 3528 1053 3627 antiquissirni,
1092 3549 1131 3606 et
1159 3459 1373 3646 rdiquorurn

157 3655 225 3733 per
248 3630 367 3700 orbern
389 3625 617 3720 dispersorum
638 3625 808 3723 origines,
842 3623 967 3700 stetutn
990 3628 1089 3703 suurn
1113 3626 1373 3724 Christianum,

156 3749 196 3805 et
220 3723 304 3800 lidei
327 3739 362 3793 et
383 3717 478 3793 vitae
507 3716 684 3818 respectu,
717 3743 790 3818 >per
823 3719 943 3798 oninia
974 3740 1136 3821 tenipora
1169 3726 1238 3802 huc
1267 3728 1386 3825 usquo.

157 3821 254 3900 reete
280 3818 362 3893 tuiti
385 3818 483 3907 sunt,
519 3819 610 3893 adeo
634 3834 673 3889 ut
707 3817 778 3892 linc
806 3817 915 3894 etiarn
939 3819 1054 3897 adhuc
1077 3821 1196 3898 leculo
1220 3825 1387 3922 egregiis.

160 3915 353 3995 meruerint
384 3910 501 3987 ornari
533 3909 756 4003 testimoniis,
794 3914 838 3987 ab
870 3912 952 4011 ipsit
986 3916 1389 4000 catholico-Romanor

160 4007 512 4186 puaizeoganib'qcollegit
535 4010 652 4110 lagei
672 4006 954 4187 histffilzens.
975 4033 1018 4113 p.
1031 4013 1081 4103 J..
1101 4011 1240 4107 verbi
1256 4014 1411 4191 Τδιιᾶχ

176 4162 212 4207 ι,
294 4157 305 4194 .·
345 4155 393 4202 ..0
1370 4158 1389 4214 ί
