<?xml version="1.0" encoding="UTF-8"?>
<!DOCTYPE html PUBLIC "-//W3C//DTD XHTML 1.0 Transitional//EN"
    "http://www.w3.org/TR/xhtml1/DTD/xhtml1-transitional.dtd">
<html xmlns="http://www.w3.org/1999/xhtml" xml:lang="en" lang="en">
 <head>
  <title>
</title>
<meta http-equiv="Content-Type" content="text/html;charset=utf-8" />
  <meta name='ocr-system' content='tesseract 3.04.00' />
  <meta name='ocr-capabilities' content='ocr_page ocr_carea ocr_par ocr_line ocrx_word'/>
</head>
<body>
  <div class='ocr_page' id='page_1' title='image "./hermannivenemai00venegoog_0592.png"; bbox 0 0 3022 4806; ppageno 0'>
   <div class='ocr_carea' id='block_1_1' title="bbox 525 573 1379 714">
    <p class='ocr_par' dir='ltr' id='par_1_1' title="bbox 525 573 1379 714">
     <span class='ocr_line' id='line_1_1' title="bbox 525 573 1379 714; baseline 0.006 -35"><span class='ocrx_word' id='word_1_1' title='bbox 525 622 546 679; x_wconf 52' lang='grc' dir='ltr'>ε.</span> <span class='ocrx_word' id='word_1_2' title='bbox 626 599 746 683; x_wconf 70' lang='lat' dir='ltr'>nant</span> <span class='ocrx_word' id='word_1_3' title='bbox 773 573 877 692; x_wconf 65' lang='lat' dir='ltr'>XVI,</span> <span class='ocrx_word' id='word_1_4' title='bbox 1299 621 1379 714; x_wconf 52' lang='grc' dir='ltr'>ῃ)</span> 
     </span>
    </p>
   </div>
   <div class='ocr_carea' id='block_1_2' title="bbox 138 762 1473 4220">
    <p class='ocr_par' dir='ltr' id='par_1_2' title="bbox 138 762 1473 3179">
     <span class='ocr_line' id='line_1_2' title="bbox 149 762 1369 880; baseline 0.013 -28"><span class='ocrx_word' id='word_1_5' title='bbox 149 762 292 873; x_wconf 77' lang='lat' dir='ltr'>Regem</span> <span class='ocrx_word' id='word_1_6' title='bbox 320 773 454 871; x_wconf 79' lang='lat' dir='ltr'>vertit,</span> <span class='ocrx_word' id='word_1_7' title='bbox 478 774 573 857; x_wconf 82' lang='lat' dir='ltr'>inani</span> <span class='ocrx_word' id='word_1_8' title='bbox 601 779 662 857; x_wconf 86' lang='lat' dir='ltr'>sub</span> <span class='ocrx_word' id='word_1_9' title='bbox 693 797 902 880; x_wconf 79' lang='lat' dir='ltr'>praetextu,</span> <span class='ocrx_word' id='word_1_10' title='bbox 924 795 984 873; x_wconf 86' lang='lat' dir='ltr'>nr,</span> <span class='ocrx_word' id='word_1_11' title='bbox 1017 779 1112 880; x_wconf 82' lang='lat' dir='ltr'>qnod</span> <span class='ocrx_word' id='word_1_12' title='bbox 1140 782 1369 872; x_wconf 76' lang='lat' dir='ltr'>hmorarium</span> 
     </span>
     <span class='ocr_line' id='line_1_3' title="bbox 150 875 1369 983; baseline 0.002 -36"><span class='ocrx_word' id='word_1_13' title='bbox 150 875 304 972; x_wconf 74' lang='lat' dir='ltr'>vectigal</span> <span class='ocrx_word' id='word_1_14' title='bbox 335 875 418 950; x_wconf 83' lang='lat' dir='ltr'>Rex</span> <span class='ocrx_word' id='word_1_15' title='bbox 446 898 518 951; x_wconf 89' lang='lat' dir='ltr'>non</span> <span class='ocrx_word' id='word_1_16' title='bbox 542 876 781 976; x_wconf 75' lang='lat' dir='ltr'>pependisset,</span> <span class='ocrx_word' id='word_1_17' title='bbox 806 898 842 952; x_wconf 89' lang='lat' dir='ltr'>et</span> <span class='ocrx_word' id='word_1_18' title='bbox 866 898 946 952; x_wconf 91' lang='lat' dir='ltr'>cum</span> <span class='ocrx_word' id='word_1_19' title='bbox 971 878 1211 973; x_wconf 80' lang='lat' dir='ltr'>Fordinando,</span> <span class='ocrx_word' id='word_1_20' title='bbox 1236 885 1369 983; x_wconf 71' lang='lat' dir='ltr'>Hispa.</span> 
     </span>
     <span class='ocr_line' id='line_1_4' title="bbox 148 968 1366 1075; baseline 0.014 -32"><span class='ocrx_word' id='word_1_21' title='bbox 148 968 234 1044; x_wconf 85' lang='lat' dir='ltr'>uiae</span> <span class='ocrx_word' id='word_1_22' title='bbox 264 973 389 1067; x_wconf 86' lang='lat' dir='ltr'>Rege,</span> <span class='ocrx_word' id='word_1_23' title='bbox 421 970 492 1046; x_wconf 85' lang='lat' dir='ltr'>line</span> <span class='ocrx_word' id='word_1_24' title='bbox 523 974 584 1048; x_wconf 89' lang='lat' dir='ltr'>suo</span> <span class='ocrx_word' id='word_1_25' title='bbox 607 975 796 1065; x_wconf 87' lang='lat' dir='ltr'>consensu,</span> <span class='ocrx_word' id='word_1_26' title='bbox 821 972 944 1048; x_wconf 79' lang='lat' dir='ltr'>focum</span> <span class='ocrx_word' id='word_1_27' title='bbox 965 974 1177 1075; x_wconf 73' lang='lat' dir='ltr'>pepigisset,</span> <span class='ocrx_word' id='word_1_28' title='bbox 1200 978 1257 1054; x_wconf 82' lang='lat' dir='ltr'>sed</span> <span class='ocrx_word' id='word_1_29' title='bbox 1281 1006 1366 1060; x_wconf 83' lang='lat' dir='ltr'>vera</span> 
     </span>
     <span class='ocr_line' id='line_1_5' title="bbox 144 1066 1362 1167; baseline 0.01 -27"><span class='ocrx_word' id='word_1_30' title='bbox 144 1066 253 1141; x_wconf 84' lang='lat' dir='ltr'>causa</span> <span class='ocrx_word' id='word_1_31' title='bbox 277 1067 363 1156; x_wconf 77' lang='lat' dir='ltr'>fuit,</span> <span class='ocrx_word' id='word_1_32' title='bbox 388 1089 429 1140; x_wconf 92' lang='lat' dir='ltr'>ut</span> <span class='ocrx_word' id='word_1_33' title='bbox 452 1068 543 1143; x_wconf 88' lang='lat' dir='ltr'>Galli</span> <span class='ocrx_word' id='word_1_34' title='bbox 565 1066 647 1144; x_wconf 83' lang='lat' dir='ltr'>‘tota</span> <span class='ocrx_word' id='word_1_35' title='bbox 670 1071 767 1145; x_wconf 88' lang='lat' dir='ltr'>Italia</span> <span class='ocrx_word' id='word_1_36' title='bbox 788 1069 1062 1165; x_wconf 80' lang='lat' dir='ltr'>expellerentur,</span> <span class='ocrx_word' id='word_1_37' title='bbox 1086 1072 1168 1147; x_wconf 82' lang='lat' dir='ltr'>Rex</span> <span class='ocrx_word' id='word_1_38' title='bbox 1190 1073 1263 1150; x_wconf 86' lang='lat' dir='ltr'>ins</span> <span class='ocrx_word' id='word_1_39' title='bbox 1283 1079 1362 1167; x_wconf 76' lang='lat' dir='ltr'>ecie</span> 
     </span>
     <span class='ocr_line' id='line_1_6' title="bbox 147 1160 1364 1266; baseline 0.008 -28"><span class='ocrx_word' id='word_1_40' title='bbox 147 1163 279 1238; x_wconf 88' lang='lat' dir='ltr'>ducatu</span> <span class='ocrx_word' id='word_1_41' title='bbox 309 1160 587 1257; x_wconf 83' lang='lat' dir='ltr'>Mediolanensi,</span> <span class='ocrx_word' id='word_1_42' title='bbox 616 1187 656 1239; x_wconf 88' lang='lat' dir='ltr'>et</span> <span class='ocrx_word' id='word_1_43' title='bbox 687 1167 865 1242; x_wconf 82' lang='lat' dir='ltr'>comitatu</span> <span class='ocrx_word' id='word_1_44' title='bbox 896 1162 1032 1240; x_wconf 77' lang='lat' dir='ltr'>aneon</span> <span class='ocrx_word' id='word_1_45' title='bbox 1064 1188 1109 1241; x_wconf 89' lang='lat' dir='ltr'>ac</span> <span class='ocrx_word' id='word_1_46' title='bbox 1138 1188 1241 1266; x_wconf 89' lang='lat' dir='ltr'>prote</span> <span class='ocrx_word' id='word_1_47' title='bbox 1281 1176 1364 1249; x_wconf 85' lang='lat' dir='ltr'>ione</span> 
     </span>
     <span class='ocr_line' id='line_1_7' title="bbox 142 1259 1473 1357; baseline 0.004 -21"><span class='ocrx_word' id='word_1_48' title='bbox 142 1262 300 1336; x_wconf 86' lang='lat' dir='ltr'>-Genuae</span> <span class='ocrx_word' id='word_1_49' title='bbox 324 1260 536 1357; x_wconf 76' lang='lat' dir='ltr'>privaretur.</span> <span class='ocrx_word' id='word_1_50' title='bbox 585 1260 666 1335; x_wconf 88' lang='lat' dir='ltr'>Fuit</span> <span class='ocrx_word' id='word_1_51' title='bbox 688 1263 771 1336; x_wconf 89' lang='lat' dir='ltr'>illud</span> <span class='ocrx_word' id='word_1_52' title='bbox 795 1262 920 1336; x_wconf 87' lang='lat' dir='ltr'>bellum</span> <span class='ocrx_word' id='word_1_53' title='bbox 936 1259 1232 1357; x_wconf 83' lang='lat' dir='ltr'>cruentifflmum,</span> <span class='ocrx_word' id='word_1_54' title='bbox 1257 1268 1362 1344; x_wconf 89' lang='lat' dir='ltr'>etin·</span> <span class='ocrx_word' id='word_1_55' title='bbox 1467 1335 1473 1341; x_wconf 91' lang='lat'>.</span> 
     </span>
     <span class='ocr_line' id='line_1_8' title="bbox 144 1355 1360 1455; baseline 0.008 -26"><span class='ocrx_word' id='word_1_56' title='bbox 144 1375 294 1455; x_wconf 78' lang='lat' dir='ltr'>-gentern</span> <span class='ocrx_word' id='word_1_57' title='bbox 312 1355 506 1430; x_wconf 85' lang='lat' dir='ltr'>uastitatem</span> <span class='ocrx_word' id='word_1_58' title='bbox 521 1360 713 1432; x_wconf 88' lang='lat' dir='ltr'>accaedem</span> <span class='ocrx_word' id='word_1_59' title='bbox 733 1382 778 1453; x_wconf 87' lang='lat' dir='ltr'>pe</span> <span class='ocrx_word' id='word_1_60' title='bbox 806 1357 886 1431; x_wconf 71' lang='lat' dir='ltr'>erit,</span> <span class='ocrx_word' id='word_1_61' title='bbox 902 1355 1245 1436; x_wconf 82' lang='lat' dir='ltr'>LudovicuaGalliae</span> <span class='ocrx_word' id='word_1_62' title='bbox 1256 1362 1360 1455; x_wconf 85' lang='lat' dir='ltr'>Rex,</span> 
     </span>
     <span class='ocr_line' id='line_1_9' title="bbox 146 1382 1360 1554; baseline 0.009 -28"><span class='ocrx_word' id='word_1_63' title='bbox 146 1453 247 1553; x_wconf 87' lang='lat' dir='ltr'>quod</span> <span class='ocrx_word' id='word_1_64' title='bbox 278 1454 410 1526; x_wconf 87' lang='lat' dir='ltr'>nummi</span> <span class='ocrx_word' id='word_1_65' title='bbox 443 1453 664 1547; x_wconf 82' lang='lat' dir='ltr'>praeierunt,</span> <span class='ocrx_word' id='word_1_66' title='bbox 694 1382 821 1529; x_wconf 75' lang='lat' dir='ltr'>dixille</span> <span class='ocrx_word' id='word_1_67' title='bbox 853 1449 988 1540; x_wconf 82' lang='lat' dir='ltr'>fertur,</span> <span class='ocrx_word' id='word_1_68' title='bbox 1019 1458 1151 1546; x_wconf 77' lang='lat' dir='ltr'>perdant</span> <span class='ocrx_word' id='word_1_69' title='bbox 1181 1459 1360 1554; x_wconf 73' lang='lat' dir='ltr'>Babylona</span> 
     </span>
     <span class='ocr_line' id='line_1_10' title="bbox 144 1548 1362 1659; baseline 0.006 -34"><span class='ocrx_word' id='word_1_70' title='bbox 144 1571 275 1626; x_wconf 79' lang='lat' dir='ltr'>nomen.</span> <span class='ocrx_word' id='word_1_71' title='bbox 326 1549 437 1659; x_wconf 85' lang='lat' dir='ltr'>Papa,</span> <span class='ocrx_word' id='word_1_72' title='bbox 477 1571 555 1621; x_wconf 88' lang='lat' dir='ltr'>cnm</span> <span class='ocrx_word' id='word_1_73' title='bbox 585 1550 746 1624; x_wconf 80' lang='lat' dir='ltr'>exercitu</span> <span class='ocrx_word' id='word_1_74' title='bbox 777 1549 929 1648; x_wconf 80' lang='lat' dir='ltr'>egresius</span> <span class='ocrx_word' id='word_1_75' title='bbox 957 1548 1072 1624; x_wconf 91' lang='lat' dir='ltr'>Roma</span> <span class='ocrx_word' id='word_1_76' title='bbox 1102 1553 1210 1627; x_wconf 85' lang='lat' dir='ltr'>Petri·</span> <span class='ocrx_word' id='word_1_77' title='bbox 1228 1560 1362 1632; x_wconf 83' lang='lat' dir='ltr'>clavem</span> 
     </span>
     <span class='ocr_line' id='line_1_11' title="bbox 146 1642 1360 1746; baseline 0.006 -27"><span class='ocrx_word' id='word_1_78' title='bbox 146 1646 282 1727; x_wconf 83' lang='lat' dir='ltr'>dicitur</span> <span class='ocrx_word' id='word_1_79' title='bbox 306 1643 493 1742; x_wconf 66' lang='lat' dir='ltr'>projecisse</span> <span class='ocrx_word' id='word_1_80' title='bbox 513 1647 550 1721; x_wconf 92' lang='lat' dir='ltr'>in</span> <span class='ocrx_word' id='word_1_81' title='bbox 578 1644 762 1734; x_wconf 85' lang='lat' dir='ltr'>Tiberim,</span> <span class='ocrx_word' id='word_1_82' title='bbox 788 1648 843 1721; x_wconf 82' lang='lat' dir='ltr'>his</span> <span class='ocrx_word' id='word_1_83' title='bbox 868 1642 993 1717; x_wconf 82' lang='lat' dir='ltr'>additia</span> <span class='ocrx_word' id='word_1_84' title='bbox 1019 1648 1153 1733; x_wconf 73' lang='lat' dir='ltr'>verbis,</span> <span class='ocrx_word' id='word_1_85' title='bbox 1185 1656 1267 1746; x_wconf 82' lang='lat' dir='ltr'>qaia</span> <span class='ocrx_word' id='word_1_86' title='bbox 1290 1655 1360 1726; x_wconf 84' lang='lat' dir='ltr'>cla·</span> 
     </span>
     <span class='ocr_line' id='line_1_12' title="bbox 138 1740 1361 1844; baseline 0.005 -29"><span class='ocrx_word' id='word_1_87' title='bbox 138 1749 203 1822; x_wconf 76' lang='lat' dir='ltr'>-vr&#39;s</span> <span class='ocrx_word' id='word_1_88' title='bbox 238 1743 331 1816; x_wconf 78' lang='lat' dir='ltr'>Pet-ri</span> <span class='ocrx_word' id='word_1_89' title='bbox 360 1741 499 1835; x_wconf 77' lang='lat' dir='ltr'>amplius</span> <span class='ocrx_word' id='word_1_90' title='bbox 529 1741 612 1813; x_wconf 77' lang='lat' dir='ltr'>nibil</span> <span class='ocrx_word' id='word_1_91' title='bbox 632 1746 761 1838; x_wconf 73' lang='lat' dir='ltr'>juvat,</span> <span class='ocrx_word' id='word_1_92' title='bbox 794 1742 902 1815; x_wconf 73' lang='lat' dir='ltr'>valum</span> <span class='ocrx_word' id='word_1_93' title='bbox 928 1740 1060 1835; x_wconf 77' lang='lat' dir='ltr'><em>gladius</em></span> <span class='ocrx_word' id='word_1_94' title='bbox 1092 1744 1203 1818; x_wconf 80' lang='lat' dir='ltr'>Pauli.</span> <span class='ocrx_word' id='word_1_95' title='bbox 1254 1744 1361 1844; x_wconf 85' lang='lat' dir='ltr'>Quod</span> 
     </span>
     <span class='ocr_line' id='line_1_13' title="bbox 141 1835 1361 1926; baseline 0.001 -10"><span class='ocrx_word' id='word_1_96' title='bbox 141 1837 283 1916; x_wconf 78' lang='lat' dir='ltr'>-uaerim</span> <span class='ocrx_word' id='word_1_97' title='bbox 313 1858 432 1911; x_wconf 88' lang='lat' dir='ltr'>tamen</span> <span class='ocrx_word' id='word_1_98' title='bbox 462 1835 499 1908; x_wconf 89' lang='lat' dir='ltr'>in</span> <span class='ocrx_word' id='word_1_99' title='bbox 533 1835 671 1911; x_wconf 89' lang='lat' dir='ltr'>dubium</span> <span class='ocrx_word' id='word_1_100' title='bbox 706 1857 832 1926; x_wconf 84' lang='lat' dir='ltr'>vocat,</span> <span class='ocrx_word' id='word_1_101' title='bbox 864 1857 987 1912; x_wconf 85' lang='lat' dir='ltr'>contra</span> <span class='ocrx_word' id='word_1_102' title='bbox 1019 1835 1237 1913; x_wconf 87' lang='lat' dir='ltr'>constantem</span> <span class='ocrx_word' id='word_1_103' title='bbox 1274 1849 1361 1917; x_wconf 71' lang='lat' dir='ltr'>illiue</span> 
     </span>
     <span class='ocr_line' id='line_1_14' title="bbox 138 1929 1361 2032; baseline 0.004 -22"><span class='ocrx_word' id='word_1_104' title='bbox 138 1930 317 2032; x_wconf 80' lang='lat' dir='ltr'>temporit</span> <span class='ocrx_word' id='word_1_105' title='bbox 350 1929 594 2022; x_wconf 82' lang='lat' dir='ltr'>traditionem,</span> <span class='ocrx_word' id='word_1_106' title='bbox 627 1953 666 2007; x_wconf 90' lang='lat' dir='ltr'>et</span> <span class='ocrx_word' id='word_1_107' title='bbox 696 1931 945 2008; x_wconf 82' lang='lat' dir='ltr'>historicorum</span> <span class='ocrx_word' id='word_1_108' title='bbox 978 1930 1187 2011; x_wconf 79' lang='lat' dir='ltr'>testimonia</span> <span class='ocrx_word' id='word_1_109' title='bbox 1243 1936 1361 2014; x_wconf 81' lang='lat' dir='ltr'>Duxit</span> 
     </span>
     <span class='ocr_line' id='line_1_15' title="bbox 141 2026 1360 2128; baseline 0.001 -20"><span class='ocrx_word' id='word_1_110' title='bbox 141 2037 241 2128; x_wconf 82' lang='lat' dir='ltr'>Papa</span> <span class='ocrx_word' id='word_1_111' title='bbox 271 2027 468 2103; x_wconf 83' lang='lat' dir='ltr'>exercitum</span> <span class='ocrx_word' id='word_1_112' title='bbox 499 2027 536 2102; x_wconf 89' lang='lat' dir='ltr'>in</span> <span class='ocrx_word' id='word_1_113' title='bbox 560 2050 682 2124; x_wconf 84' lang='lat' dir='ltr'>agrum</span> <span class='ocrx_word' id='word_1_114' title='bbox 700 2026 976 2123; x_wconf 78' lang='lat' dir='ltr'>Ferrariensem,</span> <span class='ocrx_word' id='word_1_115' title='bbox 1006 2047 1044 2101; x_wconf 88' lang='lat' dir='ltr'>et</span> <span class='ocrx_word' id='word_1_116' title='bbox 1064 2029 1138 2125; x_wconf 89' lang='lat' dir='ltr'>ipse</span> <span class='ocrx_word' id='word_1_117' title='bbox 1156 2033 1191 2104; x_wconf 89' lang='lat' dir='ltr'>se</span> <span class='ocrx_word' id='word_1_118' title='bbox 1208 2033 1360 2109; x_wconf 90' lang='lat' dir='ltr'>contulit</span> 
     </span>
     <span class='ocr_line' id='line_1_16' title="bbox 139 2122 1359 2220; baseline -0.001 -15"><span class='ocrx_word' id='word_1_119' title='bbox 139 2125 361 2214; x_wconf 74' lang='lat' dir='ltr'>Bononiam,</span> <span class='ocrx_word' id='word_1_120' title='bbox 391 2145 498 2219; x_wconf 90' lang='lat' dir='ltr'>opem</span> <span class='ocrx_word' id='word_1_121' title='bbox 528 2144 645 2197; x_wconf 84' lang='lat' dir='ltr'>autem</span> <span class='ocrx_word' id='word_1_122' title='bbox 677 2122 742 2220; x_wconf 87' lang='lat' dir='ltr'>ipsr</span> <span class='ocrx_word' id='word_1_123' title='bbox 771 2125 923 2197; x_wconf 84' lang='lat' dir='ltr'>tulerunt</span> <span class='ocrx_word' id='word_1_124' title='bbox 948 2122 1126 2214; x_wconf 85' lang='lat' dir='ltr'>Helvetii,</span> <span class='ocrx_word' id='word_1_125' title='bbox 1151 2125 1289 2200; x_wconf 91' lang='lat' dir='ltr'>Veneti</span> <span class='ocrx_word' id='word_1_126' title='bbox 1320 2147 1359 2204; x_wconf 89' lang='lat' dir='ltr'>et</span> 
     </span>
     <span class='ocr_line' id='line_1_17' title="bbox 139 2216 1358 2319; baseline 0.002 -22"><span class='ocrx_word' id='word_1_127' title='bbox 139 2225 324 2319; x_wconf 80' lang='lat' dir='ltr'>Hispani:</span> <span class='ocrx_word' id='word_1_128' title='bbox 349 2216 589 2316; x_wconf 80' lang='lat' dir='ltr'>Alphonsum,</span> <span class='ocrx_word' id='word_1_129' title='bbox 622 2222 760 2295; x_wconf 86' lang='lat' dir='ltr'>Ducem</span> <span class='ocrx_word' id='word_1_130' title='bbox 793 2216 988 2306; x_wconf 68' lang='lat' dir='ltr'>senariae,</span> <span class='ocrx_word' id='word_1_131' title='bbox 1021 2240 1100 2292; x_wconf 89' lang='lat' dir='ltr'>cum</span> <span class='ocrx_word' id='word_1_132' title='bbox 1125 2219 1358 2317; x_wconf 79' lang='lat' dir='ltr'>adjutorium,</span> 
     </span>
     <span class='ocr_line' id='line_1_18' title="bbox 139 2311 1359 2402; baseline 0.002 -10"><span class='ocrx_word' id='word_1_133' title='bbox 139 2339 187 2398; x_wconf 76' lang='lat' dir='ltr'>et</span> <span class='ocrx_word' id='word_1_134' title='bbox 218 2315 347 2392; x_wconf 80' lang='lat' dir='ltr'>Gallici</span> <span class='ocrx_word' id='word_1_135' title='bbox 369 2317 544 2389; x_wconf 79' lang='lat' dir='ltr'>exercitur</span> <span class='ocrx_word' id='word_1_136' title='bbox 567 2315 737 2402; x_wconf 72' lang='lat' dir='ltr'>ducibus,</span> <span class='ocrx_word' id='word_1_137' title='bbox 767 2314 851 2390; x_wconf 76' lang='lat' dir='ltr'>diris</span> <span class='ocrx_word' id='word_1_138' title='bbox 871 2311 1032 2387; x_wconf 87' lang='lat' dir='ltr'>devovit.</span> <span class='ocrx_word' id='word_1_139' title='bbox 1080 2315 1167 2389; x_wconf 90' lang='lat' dir='ltr'>Cum</span> <span class='ocrx_word' id='word_1_140' title='bbox 1191 2340 1279 2392; x_wconf 88' lang='lat' dir='ltr'>vero</span> <span class='ocrx_word' id='word_1_141' title='bbox 1302 2321 1359 2395; x_wconf 92' lang='lat' dir='ltr'>in·</span> 
     </span>
     <span class='ocr_line' id='line_1_19' title="bbox 144 2407 1360 2502; baseline -0.013 -9"><span class='ocrx_word' id='word_1_142' title='bbox 144 2435 204 2493; x_wconf 84' lang='lat' dir='ltr'>tra</span> <span class='ocrx_word' id='word_1_143' title='bbox 233 2411 426 2488; x_wconf 85' lang='lat' dir='ltr'>Bononiam</span> <span class='ocrx_word' id='word_1_144' title='bbox 457 2411 500 2484; x_wconf 88' lang='lat' dir='ltr'>ab</span> <span class='ocrx_word' id='word_1_145' title='bbox 525 2409 685 2486; x_wconf 84' lang='lat' dir='ltr'>exercitu</span> <span class='ocrx_word' id='word_1_146' title='bbox 707 2411 847 2487; x_wconf 87' lang='lat' dir='ltr'>Gallico</span> <span class='ocrx_word' id='word_1_147' title='bbox 869 2410 945 2485; x_wconf 89' lang='lat' dir='ltr'>sere</span> <span class='ocrx_word' id='word_1_148' title='bbox 967 2407 1085 2483; x_wconf 80' lang='lat' dir='ltr'>fnisset</span> <span class='ocrx_word' id='word_1_149' title='bbox 1109 2409 1278 2502; x_wconf 70' lang='lat' dir='ltr'>obsessor,</span> <span class='ocrx_word' id='word_1_150' title='bbox 1301 2438 1360 2493; x_wconf 84' lang='lat' dir='ltr'>ae.</span> 
     </span>
     <span class='ocr_line' id='line_1_20' title="bbox 142 2504 1356 2681; baseline -0.002 -91"><span class='ocrx_word' id='word_1_151' title='bbox 142 2509 283 2590; x_wconf 81' lang='lat' dir='ltr'>culavit</span> <span class='ocrx_word' id='word_1_152' title='bbox 316 2530 400 2582; x_wconf 84' lang='lat' dir='ltr'>mox</span> <span class='ocrx_word' id='word_1_153' title='bbox 433 2506 573 2614; x_wconf 77' lang='lat' dir='ltr'>Regem</span> <span class='ocrx_word' id='word_1_154' title='bbox 604 2506 740 2582; x_wconf 87' lang='lat' dir='ltr'>Galliae</span> <span class='ocrx_word' id='word_1_155' title='bbox 769 2505 860 2606; x_wconf 86' lang='lat' dir='ltr'>apud</span> <span class='ocrx_word' id='word_1_156' title='bbox 885 2527 1009 2581; x_wconf 74' lang='lat' dir='ltr'>omnen</span> <span class='ocrx_word' id='word_1_157' title='bbox 1032 2504 1235 2606; x_wconf 73' lang='lat' dir='ltr'>Principes,</span> <span class='ocrx_word' id='word_1_158' title='bbox 1259 2512 1356 2681; x_wconf 47' lang='lat' dir='ltr'>pund</span> 
     </span>
     <span class='ocr_line' id='line_1_21' title="bbox 139 2602 1359 2691; baseline 0 -6"><span class='ocrx_word' id='word_1_159' title='bbox 139 2627 274 2685; x_wconf 83' lang='lat' dir='ltr'>contra</span> <span class='ocrx_word' id='word_1_160' title='bbox 296 2605 331 2680; x_wconf 88' lang='lat' dir='ltr'>se</span> <span class='ocrx_word' id='word_1_161' title='bbox 356 2622 392 2677; x_wconf 87' lang='lat' dir='ltr'>et</span> <span class='ocrx_word' id='word_1_162' title='bbox 413 2602 632 2691; x_wconf 82' lang='lat' dir='ltr'>Cardtnales,</span> <span class='ocrx_word' id='word_1_163' title='bbox 656 2621 696 2677; x_wconf 89' lang='lat' dir='ltr'>ut</span> <span class='ocrx_word' id='word_1_164' title='bbox 711 2603 977 2690; x_wconf 88' lang='lat' dir='ltr'>obfiderentur,</span> <span class='ocrx_word' id='word_1_165' title='bbox 997 2603 1193 2677; x_wconf 83' lang='lat' dir='ltr'>exercitum</span> <span class='ocrx_word' id='word_1_166' title='bbox 1210 2606 1258 2679; x_wconf 89' lang='lat' dir='ltr'>mi</span> <span class='ocrx_word' id='word_1_167' title='bbox 1276 2607 1359 2686; x_wconf 86' lang='lat' dir='ltr'>erit.</span> 
     </span>
     <span class='ocr_line' id='line_1_22' title="bbox 140 2697 1358 2797; baseline -0.003 -20"><span class='ocrx_word' id='word_1_168' title='bbox 140 2707 244 2782; x_wconf 78' lang='lat' dir='ltr'>Mox</span> <span class='ocrx_word' id='word_1_169' title='bbox 270 2699 382 2796; x_wconf 70' lang='lat' dir='ltr'>jatur,</span> <span class='ocrx_word' id='word_1_170' title='bbox 408 2716 447 2771; x_wconf 90' lang='lat' dir='ltr'>ut</span> <span class='ocrx_word' id='word_1_171' title='bbox 474 2697 644 2774; x_wconf 81' lang='lat' dir='ltr'>exercitur</span> <span class='ocrx_word' id='word_1_172' title='bbox 671 2698 852 2775; x_wconf 86' lang='lat' dir='ltr'>obfidione</span> <span class='ocrx_word' id='word_1_173' title='bbox 878 2698 1040 2794; x_wconf 82' lang='lat' dir='ltr'>cingeret</span> <span class='ocrx_word' id='word_1_174' title='bbox 1063 2697 1277 2792; x_wconf 84' lang='lat' dir='ltr'>Ferrariam,</span> <span class='ocrx_word' id='word_1_175' title='bbox 1301 2700 1358 2797; x_wconf 89' lang='lat' dir='ltr'>ip·</span> 
     </span>
     <span class='ocr_line' id='line_1_23' title="bbox 141 2791 1356 2901; baseline -0.006 -24"><span class='ocrx_word' id='word_1_176' title='bbox 141 2800 184 2878; x_wconf 78' lang='lat' dir='ltr'>se</span> <span class='ocrx_word' id='word_1_177' title='bbox 221 2819 267 2872; x_wconf 80' lang='lat' dir='ltr'>ex</span> <span class='ocrx_word' id='word_1_178' title='bbox 294 2796 440 2895; x_wconf 82' lang='lat' dir='ltr'>agnavit</span> <span class='ocrx_word' id='word_1_179' title='bbox 467 2795 705 2870; x_wconf 86' lang='lat' dir='ltr'>Mirandnlarn</span> <span class='ocrx_word' id='word_1_180' title='bbox 733 2819 767 2869; x_wconf 87' lang='lat' dir='ltr'>a.</span> <span class='ocrx_word' id='word_1_181' title='bbox 802 2816 930 2884; x_wconf 66' lang='lat'>1511„</span> <span class='ocrx_word' id='word_1_182' title='bbox 962 2812 1051 2901; x_wconf 82' lang='lat' dir='ltr'>quae</span> <span class='ocrx_word' id='word_1_183' title='bbox 1079 2791 1118 2865; x_wconf 90' lang='lat' dir='ltr'>in</span> <span class='ocrx_word' id='word_1_184' title='bbox 1144 2793 1202 2865; x_wconf 88' lang='lat' dir='ltr'>Re</span> <span class='ocrx_word' id='word_1_185' title='bbox 1227 2795 1254 2867; x_wconf 83' lang='lat' dir='ltr'>is</span> <span class='ocrx_word' id='word_1_186' title='bbox 1279 2814 1356 2870; x_wconf 89' lang='lat' dir='ltr'>erat</span> 
     </span>
     <span class='ocr_line' id='line_1_24' title="bbox 138 2884 1359 2973; baseline -0.006 -1"><span class='ocrx_word' id='word_1_187' title='bbox 138 2892 273 2973; x_wconf 83' lang='lat' dir='ltr'>cliente</span> <span class='ocrx_word' id='word_1_188' title='bbox 364 2893 501 2966; x_wconf 83' lang='lat' dir='ltr'>Interea</span> <span class='ocrx_word' id='word_1_189' title='bbox 525 2889 758 2964; x_wconf 84' lang='lat' dir='ltr'>Concordiam</span> <span class='ocrx_word' id='word_1_190' title='bbox 781 2907 821 2963; x_wconf 88' lang='lat' dir='ltr'>et</span> <span class='ocrx_word' id='word_1_191' title='bbox 842 2888 1056 2973; x_wconf 77' lang='lat' dir='ltr'>Bononiam,</span> <span class='ocrx_word' id='word_1_192' title='bbox 1081 2884 1184 2958; x_wconf 89' lang='lat' dir='ltr'>Duce</span> <span class='ocrx_word' id='word_1_193' title='bbox 1248 2888 1359 2965; x_wconf 82' lang='lat' dir='ltr'>rivul-</span> 
     </span>
     <span class='ocr_line' id='line_1_25' title="bbox 142 2979 1357 3087; baseline -0.007 -19"><span class='ocrx_word' id='word_1_194' title='bbox 142 2993 221 3084; x_wconf 91' lang='lat' dir='ltr'>tio,</span> <span class='ocrx_word' id='word_1_195' title='bbox 250 2988 468 3087; x_wconf 81' lang='lat' dir='ltr'>expugnavit</span> <span class='ocrx_word' id='word_1_196' title='bbox 498 2986 674 3060; x_wconf 83' lang='lat' dir='ltr'>exercitur</span> <span class='ocrx_word' id='word_1_197' title='bbox 700 2984 873 3071; x_wconf 77' lang='lat' dir='ltr'>Gallicus,</span> <span class='ocrx_word' id='word_1_198' title='bbox 905 3001 944 3058; x_wconf 86' lang='lat' dir='ltr'>et</span> <span class='ocrx_word' id='word_1_199' title='bbox 966 2979 1193 3056; x_wconf 86' lang='lat' dir='ltr'>celeberrima</span> <span class='ocrx_word' id='word_1_200' title='bbox 1217 2983 1357 3080; x_wconf 89' lang='lat' dir='ltr'>habita,</span> 
     </span>
     <span class='ocr_line' id='line_1_26' title="bbox 142 3077 1359 3179; baseline -0.013 -13"><span class='ocrx_word' id='word_1_201' title='bbox 142 3088 333 3166; x_wconf 78' lang='lat' dir='ltr'>admodum</span> <span class='ocrx_word' id='word_1_202' title='bbox 351 3101 495 3157; x_wconf 87' lang='lat' dir='ltr'>cruenta</span> <span class='ocrx_word' id='word_1_203' title='bbox 512 3103 628 3178; x_wconf 83' lang='lat' dir='ltr'>pugna</span> <span class='ocrx_word' id='word_1_204' title='bbox 643 3081 687 3155; x_wconf 89' lang='lat' dir='ltr'>ad</span> <span class='ocrx_word' id='word_1_205' title='bbox 702 3083 824 3155; x_wconf 87' lang='lat' dir='ltr'>urbem</span> <span class='ocrx_word' id='word_1_206' title='bbox 842 3081 1072 3165; x_wconf 87' lang='lat' dir='ltr'>Ravennam,</span> <span class='ocrx_word' id='word_1_207' title='bbox 1097 3077 1252 3174; x_wconf 87' lang='lat' dir='ltr'>superior</span> <span class='ocrx_word' id='word_1_208' title='bbox 1269 3105 1359 3179; x_wconf 90' lang='lat' dir='ltr'>qno.</span> 
     </span>
    </p>

    <p class='ocr_par' dir='ltr' id='par_1_3' title="bbox 141 3170 1361 3466">
     <span class='ocr_line' id='line_1_27' title="bbox 191 3170 1361 3271; baseline -0.015 -13"><span class='ocrx_word' id='word_1_209' title='bbox 191 3205 214 3258; x_wconf 84' lang='lat' dir='ltr'>e</span> <span class='ocrx_word' id='word_1_210' title='bbox 243 3181 312 3258; x_wconf 80' lang='lat' dir='ltr'>fuit</span> <span class='ocrx_word' id='word_1_211' title='bbox 334 3203 371 3255; x_wconf 63' lang='lat' dir='ltr'>at</span> <span class='ocrx_word' id='word_1_212' title='bbox 394 3200 500 3270; x_wconf 80' lang='lat' dir='ltr'>asra.</span> <span class='ocrx_word' id='word_1_213' title='bbox 529 3178 599 3252; x_wconf 80' lang='lat' dir='ltr'>Sed</span> <span class='ocrx_word' id='word_1_214' title='bbox 622 3176 833 3252; x_wconf 71' lang='lat' dir='ltr'>adcesserunt</span> <span class='ocrx_word' id='word_1_215' title='bbox 853 3174 937 3250; x_wconf 86' lang='lat' dir='ltr'>dein</span> <span class='ocrx_word' id='word_1_216' title='bbox 962 3172 1005 3249; x_wconf 84' lang='lat' dir='ltr'>ad</span> <span class='ocrx_word' id='word_1_217' title='bbox 1027 3170 1114 3271; x_wconf 89' lang='lat' dir='ltr'>Julii</span> <span class='ocrx_word' id='word_1_218' title='bbox 1138 3195 1251 3271; x_wconf 79' lang='lat' dir='ltr'>parter</span> <span class='ocrx_word' id='word_1_219' title='bbox 1272 3181 1361 3254; x_wconf 86' lang='lat' dir='ltr'>Cae.</span> 
     </span>
     <span class='ocr_line' id='line_1_28' title="bbox 141 3207 1358 3371; baseline -0.004 -12"><span class='ocrx_word' id='word_1_220' title='bbox 141 3207 495 3365; x_wconf 55' lang='lat' dir='ltr'>iirMaximilianus,</span> <span class='ocrx_word' id='word_1_221' title='bbox 520 3293 558 3349; x_wconf 90' lang='lat' dir='ltr'>et</span> <span class='ocrx_word' id='word_1_222' title='bbox 583 3273 761 3350; x_wconf 79' lang='lat' dir='ltr'>Henricua</span> <span class='ocrx_word' id='word_1_223' title='bbox 782 3272 932 3368; x_wconf 83' lang='lat' dir='ltr'>Angliae</span> <span class='ocrx_word' id='word_1_224' title='bbox 947 3269 1051 3361; x_wconf 86' lang='lat' dir='ltr'>Rex,</span> <span class='ocrx_word' id='word_1_225' title='bbox 1076 3289 1288 3371; x_wconf 82' lang='lat' dir='ltr'>captamque</span> <span class='ocrx_word' id='word_1_226' title='bbox 1304 3272 1358 3353; x_wconf 85' lang='lat' dir='ltr'>est</span> 
     </span>
     <span class='ocr_line' id='line_1_29' title="bbox 143 3369 1075 3466; baseline -0.009 -15"><span class='ocrx_word' id='word_1_227' title='bbox 143 3378 392 3456; x_wconf 88' lang='lat' dir='ltr'>Mediolanum</span> <span class='ocrx_word' id='word_1_228' title='bbox 419 3371 566 3466; x_wconf 85' lang='lat' dir='ltr'>expulsis</span> <span class='ocrx_word' id='word_1_229' title='bbox 590 3369 709 3443; x_wconf 84' lang='lat' dir='ltr'>Gallis.</span> <span class='ocrx_word' id='word_1_230' title='bbox 1073 3423 1075 3427; x_wconf 22' lang='grc' dir='ltr'><em>ν</em></span> 
     </span>
    </p>

    <p class='ocr_par' dir='ltr' id='par_1_4' title="bbox 138 3460 1367 4220">
     <span class='ocr_line' id='line_1_30' title="bbox 196 3460 1361 3574; baseline -0.001 -29"><span class='ocrx_word' id='word_1_231' title='bbox 196 3471 230 3574; x_wconf 68' lang='grc' dir='ltr'>ς.</span> <span class='ocrx_word' id='word_1_232' title='bbox 255 3467 481 3545; x_wconf 82' lang='lat' dir='ltr'>Dxxxuu.</span> <span class='ocrx_word' id='word_1_233' title='bbox 507 3465 591 3538; x_wconf 88' lang='lat' dir='ltr'>Belli</span> <span class='ocrx_word' id='word_1_234' title='bbox 615 3464 793 3539; x_wconf 88' lang='lat' dir='ltr'>hist-oriam</span> <span class='ocrx_word' id='word_1_235' title='bbox 817 3475 1007 3538; x_wconf 82' lang='lat' dir='ltr'>contexere</span> <span class='ocrx_word' id='word_1_236' title='bbox 1028 3479 1111 3535; x_wconf 89' lang='lat' dir='ltr'>cum</span> <span class='ocrx_word' id='word_1_237' title='bbox 1135 3461 1180 3537; x_wconf 89' lang='lat' dir='ltr'>ab</span> <span class='ocrx_word' id='word_1_238' title='bbox 1196 3460 1361 3545; x_wconf 83' lang='lat' dir='ltr'>instituto</span> 
     </span>
     <span class='ocr_line' id='line_1_31' title="bbox 145 3554 1362 3655; baseline -0.003 -11"><span class='ocrx_word' id='word_1_239' title='bbox 145 3570 192 3651; x_wconf 80' lang='lat' dir='ltr'>sit</span> <span class='ocrx_word' id='word_1_240' title='bbox 218 3571 385 3654; x_wconf 88' lang='lat' dir='ltr'>alienum,</span> <span class='ocrx_word' id='word_1_241' title='bbox 418 3565 461 3639; x_wconf 90' lang='lat' dir='ltr'>ad</span> <span class='ocrx_word' id='word_1_242' title='bbox 484 3564 610 3635; x_wconf 86' lang='lat' dir='ltr'>bellum</span> <span class='ocrx_word' id='word_1_243' title='bbox 637 3562 830 3655; x_wconf 83' lang='lat' dir='ltr'>Synodnle,</span> <span class='ocrx_word' id='word_1_244' title='bbox 864 3560 932 3633; x_wconf 87' lang='lat' dir='ltr'>hac</span> <span class='ocrx_word' id='word_1_245' title='bbox 954 3554 1136 3632; x_wconf 82' lang='lat' dir='ltr'>occafione</span> <span class='ocrx_word' id='word_1_246' title='bbox 1163 3557 1362 3639; x_wconf 83' lang='lat' dir='ltr'>suscitamur</span> 
     </span>
     <span class='ocr_line' id='line_1_32' title="bbox 138 3651 1360 3770; baseline -0.002 -36"><span class='ocrx_word' id='word_1_247' title='bbox 138 3691 216 3748; x_wconf 75' lang='lat' dir='ltr'>,nor</span> <span class='ocrx_word' id='word_1_248' title='bbox 238 3683 426 3739; x_wconf 78' lang='lat' dir='ltr'>vertamus.</span> <span class='ocrx_word' id='word_1_249' title='bbox 478 3657 624 3770; x_wconf 79' lang='lat' dir='ltr'>Novem</span> <span class='ocrx_word' id='word_1_250' title='bbox 650 3655 865 3745; x_wconf 79' lang='lat' dir='ltr'>Cardinaler,</span> <span class='ocrx_word' id='word_1_251' title='bbox 885 3679 910 3765; x_wconf 76' lang='lat'>‚³</span> <span class='ocrx_word' id='word_1_252' title='bbox 934 3651 1024 3760; x_wconf 76' lang='lat' dir='ltr'>l’apa</span> <span class='ocrx_word' id='word_1_253' title='bbox 1047 3673 1199 3766; x_wconf 71' lang='lat' dir='ltr'>propter</span> <span class='ocrx_word' id='word_1_254' title='bbox 1213 3659 1360 3770; x_wconf 73' lang='lat' dir='ltr'>haece·</span> 
     </span>
     <span class='ocr_line' id='line_1_33' title="bbox 143 3750 1362 3958; baseline -0.021 -21"><span class='ocrx_word' id='word_1_255' title='bbox 143 3751 854 3950; x_wconf 61' lang='lat' dir='ltr'>&#39;tiir{2²¹2t‘}„;ll‡{ltniltlltl</span> <span class='ocrx_word' id='word_1_256' title='bbox 883 3750 1214 3938; x_wconf 58' lang='grc' dir='ltr'>ἑῖῗὲῖῗέἓιῖἐῗῗξξ</span> <span class='ocrx_word' id='word_1_257' title='bbox 1228 3752 1362 3958; x_wconf 61' lang='lat' dir='ltr'>alil}</span> 
     </span>
     <span class='ocr_line' id='line_1_34' title="bbox 150 3941 1363 4045; baseline -0.011 -13"><span class='ocrx_word' id='word_1_258' title='bbox 150 3955 253 4033; x_wconf 75' lang='lat' dir='ltr'>clesra</span> <span class='ocrx_word' id='word_1_259' title='bbox 274 3952 311 4028; x_wconf 85' lang='lat' dir='ltr'>in</span> <span class='ocrx_word' id='word_1_260' title='bbox 337 3949 449 4045; x_wconf 87' lang='lat' dir='ltr'>capite</span> <span class='ocrx_word' id='word_1_261' title='bbox 473 3969 509 4020; x_wconf 87' lang='lat' dir='ltr'>et</span> <span class='ocrx_word' id='word_1_262' title='bbox 533 3946 697 4021; x_wconf 84' lang='lat' dir='ltr'>membris</span> <span class='ocrx_word' id='word_1_263' title='bbox 718 3943 986 4032; x_wconf 86' lang='lat' dir='ltr'>reformaretur,</span> <span class='ocrx_word' id='word_1_264' title='bbox 1009 3941 1106 4017; x_wconf 80' lang='lat' dir='ltr'>umor</span> <span class='ocrx_word' id='word_1_265' title='bbox 1124 3941 1363 4027; x_wconf 77' lang='lat' dir='ltr'>constannen-</span> 
     </span>
     <span class='ocr_line' id='line_1_35' title="bbox 138 4036 1367 4220; baseline 0.002 -100"><span class='ocrx_word' id='word_1_266' title='bbox 138 4051 199 4133; x_wconf 65' lang='grc' dir='ltr'>,ω</span> <span class='ocrx_word' id='word_1_267' title='bbox 225 4066 265 4127; x_wconf 87' lang='lat' dir='ltr'>et</span> <span class='ocrx_word' id='word_1_268' title='bbox 289 4044 493 4133; x_wconf 69' lang='lat' dir='ltr'>Besaleensia</span> <span class='ocrx_word' id='word_1_269' title='bbox 522 4043 755 4220; x_wconf 48' lang='lat' dir='ltr'>conciliofium</span> <span class='ocrx_word' id='word_1_270' title='bbox 779 4039 994 4139; x_wconf 65' lang='lat' dir='ltr'>donemus</span> <span class='ocrx_word' id='word_1_271' title='bbox 1017 4036 1367 4153; x_wconf 60' lang='lat' dir='ltr'>Saudaluroecuma·</span> 
     </span>
    </p>
   </div>
   <div class='ocr_carea' id='block_1_3' title="bbox 1393 4262 1461 4524">
    <p class='ocr_par' dir='ltr' id='par_1_5' title="bbox 1393 4262 1461 4524">
     <span class='ocr_line' id='line_1_36' title="bbox 1393 4262 1461 4524; baseline 0 0"><span class='ocrx_word' id='word_1_272' title='bbox 1393 4262 1461 4524; x_wconf 80' lang='lat' dir='ltr'>l</span> 
     </span>
    </p>
   </div>
   <div class='ocr_carea' id='block_1_4' title="bbox 0 0 1516 4806">
    <p class='ocr_par' dir='ltr' id='par_1_6' title="bbox 0 0 1516 4806">
     <span class='ocr_line' id='line_1_37' title="bbox 0 0 1516 4806; baseline 0 0"><span class='ocrx_word' id='word_1_273' title='bbox 0 0 1516 4806; x_wconf 95' lang='lat' dir='ltr'> </span> 
     </span>
    </p>
   </div>
  </div>
 </body>
</html>
