3022 4806
552 698 556 705 .
657 632 765 712 Secul.
790 631 900 708 XIII.
990 690 995 695 -
1320 647 1389 738 187

150 831 213 882 oet
233 824 364 886 tantum
388 812 514 904 culpant
538 817 680 904 remitti,
704 813 893 909 infantibus
914 829 986 886 utro
1009 807 1112 902 quoad
1132 806 1298 901 lubitum,
1323 830 1372 893 cr,

144 905 181 999 fi
203 930 265 980 nort
283 928 343 1003 pro
364 909 419 981 illo
440 923 576 1002 tempure
599 914 702 1005 quood
721 914 823 1006 arsum
1146 972 1151 979 .

203 1002 235 1098 l
260 997 368 1078 CLX.
394 1004 547 1098 Agamus
572 1028 665 1080 nunc
680 1009 785 1101 paulo
802 1000 1028 1090 dicliudliue,
1048 1021 1152 1077 ruore
1176 997 1297 1093 solito,
1329 1003 1376 1085 de

152 1098 320 1193 objedlo,
347 1103 522 1194 partibus,
542 1120 580 1173 et
595 1100 1002 1176 circumstantiiecultus.
1050 1094 1108 1169 Ad
1121 1100 1276 1193 objectum
1290 1121 1370 1194 per·

155 1199 268 1284 tinet,
303 1194 572 1290 superstitiosam
596 1220 680 1290 erga
705 1201 857 1272 Mariam
880 1191 1114 1266 devotionem
1145 1195 1220 1269 hoc
1250 1195 1369 1271 seculo

152 1291 237 1384 quid
262 1289 474 1364 incrementi
498 1292 687 1386 accepisse:
723 1294 821 1388 cujus
855 1288 1016 1363 nonnulla
1049 1287 1229 1384 proferam
1260 1288 1374 1369 sect·

152 1393 261 1458 mina.
315 1386 617 1471 ¹1.tlutor·vitae
644 1386 812 1484 Gregorii
846 1385 911 1458 nt.
950 1382 1078 1474 refert,
1118 1406 1199 1458 eum
1232 1386 1269 1460 in
1305 1386 1372 1463 ‘tu-

153 1479 233 1570 iffe,
259 1501 300 1553 ut
327 1479 416 1554 seria
442 1481 509 1553 Vl.
537 1480 575 1555 in
601 1486 778 1581 vesperis,
813 1481 916 1554 solito
947 1477 1051 1552 finito
1078 1479 1204 1568 cursu,
1229 1481 1369 1579 semper

150 1595 355 1664 caneretur,
372 1573 468 1672 salve
484 1581 598 1670 regina
615 1597 683 1655 etc.
732 1579 838 1675 Cujus
850 1571 1086 1663 cantici,.··seu
1109 1575 1365 1672 antiphoniaee

152 1692 251 1744 autor
264 1672 415 1744 habetur
435 1672 657 1746 Hermannus
675 1669 906 1759 Contractus,
930 1669 1133 1743 Monachus
1166 1672 1367 1755 Benedldli÷

155 1790 241 1855 nus,
275 1764 347 1840 sec.
372 1766 434 1839 XI.
483 1767 578 1840 Dein
605 1768 795 1843 Bernardur
826 1762 1121 1853 claraevallense,
1161 1768 1296 1862 legatur
1323 1767 1369 1845 ad
1506 1766 1510 1772 ’

153 1864 368 1951 Germanos,
399 1883 480 1935 curn
505 1864 660 1938 Clericus
684 1861 862 1963 Spirenset
884 1859 966 1936 illud
989 1860 1125 1935 audiret
1156 1860 1367 1952 decantare,

147 1955 302 2044 addidit,
336 1976 528 2054 tergentia
555 1957 720 2052 fleetenu,
752 1961 858 2034 verba
883 1955 1073 2055 postrema,
1116 1955 1312 2046 tremens,
1340 1959 1358 2033 l

146 2059 226 2154 piu,
260 2051 408 2127 ddulcr'r
431 2056 519 2148 virgo
541 2057 683 2130 Maria!
715 2075 754 2130 ut
780 2052 891 2128 refert
915 2052 1108 2126 Gulielmur
1132 2052 1366 2151 llisengtenri·¹

149 2175 209 2240 ut,
235 2150 272 2222 in
293 2147 466 2222 chronico
492 2149 645 2242 Spirenst
671 2172 701 2223 a.
731 2169 838 2240 ¹147·
862 2174 866 2179 ·
888 2169 920 2220 2.
944 2145 1140 2238 Rosart'um,
1164 2148 1222 2220 scu
1239 2149 1365 2244 psalte·

151 2250 243 2319 rium
269 2243 430 2333 Mariae,
461 2242 688 2335 Dominicue,
722 2263 884 2340 tanquam
907 2243 950 2314 ab
975 2239 1048 2335 ipsa
1071 2237 1208 2337 virgine
1233 2264 1361 2340 accep·

148 2361 245 2428 turn,
269 2338 429 2426 invexit,
461 2362 526 2412 ceu
546 2337 853 2437 praesentillimutu
876 2335 921 2410 ad
953 2334 1141 2409 daemonas
1164 2335 1365 2435 fugandos,
1408 2347 1412 2351 ’

142 2440 290 2512 morona
319 2431 517 2529 pellendos,
560 2454 597 2507 et
631 2429 1148 2525 haereticos‘eouvincendoa,
1186 2431 1360 2515 medium.

137 2530 289 2608 Constat
310 2546 423 2602 autern
448 2551 493 2604 ex
525 2528 729 2607 salutatione
762 2532 819 2604 An
845 2527 955 2615 elica,
996 2528 1068 2601 Ave
1099 2528 1237 2604 Maria!
1286 2552 1359 2621 150

136 2629 285 2703 vicione
308 2623 486 2718 repetita,
509 2624 552 2698 ad
589 2646 769 2700 numerum
799 2552 1006 2699 platoniam
1037 2622 1207 2716 Davidie,
1240 2624 1362 2706 additu

141 2722 309 2800 oratione
332 2717 523 2795 Dominica
547 2720 591 2793 ad
617 2720 762 2821 frugales
796 2719 960 2808 decedet,
1004 2716 1164 2815 adeoque
1190 2730 1235 2810 1'5
1268 2721 1363 2798 vici·

143 2825 224 2897 bue-
263 2814 473 2914 Adpellatur
502 2811 658 2908 rosarium
688 2840 709 2895 a
743 2815 844 2912 copia
874 2814 1050 2902 rosatum,
1092 2834 1180 2911 quac
1212 2818 1359 2895 suavem

143 2915 276 2997 fuirunt
297 2915 476 3000 odorem,
515 2911 611 2984 uibus
625 2909 954 3012 repetitloue'cillae
973 2909 1198 2983 censebantur
1215 2908 1355 2989 similet.

144 3009 234 3091 vid.
257 3008 300 3083 ad
325 3030 356 3082 a.
370 3028 475 3101 1213.
489 2934 671 3100 leovine,
695 3002 921 3107 spondente,
941 3023 979 3098 et
994 3004 1213 3100 Rryualdur,
1237 3007 1358 3087 conti·¹

146 3105 311 3181 nuatoret
325 3101 487 3188 Batonis,
514 3101 550 3176 in
566 3102 755 3195 miraculis,
771 3099 1011 3199 perlrosatidnr
1023 3099 1191 3209 patratis,
1208 3114 1350 3179 narran-

142 3202 195 3277 dis
229 3220 373 3370 guoque
409 3195 524 3271 diffusi
562 3196 606 3272 ad
639 3199 790 3275 taedium
823 3197 940 3295 usque.
991 3196 1094 3279 Ltcet
1132 3218 1220 3270 vero
1253 3215 1356 3278 anter

142 3299 180 3375 iu
206 3320 268 3372 uu
289 3293 427 3370 suerint
449 3313 651 3371 numeratae
699 3317 820 3385 recet‚
854 3293 910 3369 sed
938 3289 1012 3366 stne
1033 3315 1095 3366 ure
1119 3292 1259 3369 Mersa!
1298 3320 1354 3374 re·

126 3394 265 3490 jorim
299 3410 371 3464 non
392 3387 559 3465 innotuit.
611 3319 699 3466 vid.
734 3391 876 3465 Natalis
900 3387 1115 3477 Alexander,
1140 3388 1280 3465 ad'ltuc
1302 3393 1356 3492 se·

144 3490 271 3563 culum.
350 3545 358 3562 .
385 3485 611 3576 Innocentius
632 3487 701 3562 IV.
722 3485 817 3580 Papa
842 3480 1013 3573 instituit,
1037 3482 1075 3555 in
1090 3484 1245 3580 concilio
1259 3487 1357 3586 Lug·

145 3582 290 3659 dunenn
323 3511 372 3671 R,
398 3598 437 3654 ut
463 3581 590 3656 ortana
610 3578 691 3654 sesti
712 3580 853 3656 Mariae
875 3579 1009 3656 solenni
1027 3578 1261 3656 celebraretur
1283 3584 1359 3661 ritu

148 3703 212 3778 per
235 3697 345 3753 tutem
370 3675 571 3753 Ecclefiam.
619 3676 736 3777 lpsnnt
761 3675 886 3750 sustuna
910 3673 970 3748 dlu
993 3684 1095 3749 antea
1113 3674 1190 3750 suit
1221 3673 1358 3771 inusu,
1507 3745 1510 3749 ,

150 3796 188 3850 nt
208 3772 278 3863 sec.
303 3776 393 3849 Vll.
419 3771 590 3864 vidimus,
624 3772 694 3870 ipsa
729 3770 864 3847 Octava
895 3770 1029 3883 incepit
1061 3770 1130 3846 sec.
1162 3773 1268 3864 xit,
1300 3775 1360 3853 sed

152 3871 245 3946 rosia
276 3893 373 3945 nunc
402 3865 453 3940 est
487 3867 561 3963 ejua
584 3868 767 3944 solenniter
791 3887 827 3941 et
857 3867 1048 3943 celebrttar.
1096 3866 1181 3942 Vid.
1202 3869 1291 3964 Pagi
1320 3870 1360 3951 in

161 3967 226 4039 vitu
253 3962 472 4043 Innocentii.
523 3987 560 4053 4.
595 3965 750 4040 Clement
779 3965 871 4056 tlt,
900 3982 941 4040 nt
971 3961 1138 4059 peritioni
1167 3962 1365 4055 nunaunt.

158 4059 261 4163 degit
274 4066 515 4153 strenuorum,
534 4058 768 4153 suidaceret,
792 4057 1048 4160 indtdgeurietn
1062 4059 1230 4153 cuttcefflt
1257 4056 1369 4141 trium

613 4224 620 4239 ,
683 4156 792 4240 Aer
1196 4169 1363 4242 autumn
1423 4188 1485 4524 ¹
