3022 4806
122 623 207 713 ,55
522 598 963 709 maererent-cletta.

138 796 277 897 piscant
301 788 497 879 haeretici,
539 792 596 865 vel
628 793 818 885 inpedirent
849 789 958 867 ollicii
991 784 1236 890 inqnifitionir,
1280 777 1365 859 lire

140 891 301 981 diretle,
328 909 451 982 captos
473 888 672 977 liberando,
699 886 874 981 procellat
900 886 1137 985 inquisitiouir
1154 885 1362 983 carpendo,

132 988 245 1073 ¹testes
268 984 511 1074 absterrendo,
543 982 616 1056 five
642 984 832 1074 indirelie,
874 984 968 1058 unde
992 1006 1057 1079 per
1077 980 1362 1078 consequentiam

132 1084 326 1180 ‚inpeditur
347 1078 526 1155 officium.
550 1104 605 1153 ex.
630 1104 681 1176 gr.
706 1081 732 1154 st
756 1080 923 1153 dominor
940 1077 1139 1175 temporalia
1154 1095 1272 1165 vetat,
1296 1075 1361 1148 ali·

169 1202 250 1256 uem
275 1176 346 1250 stne
372 1174 431 1246 suo
456 1173 548 1272 julio
575 1197 711 1271 capere.
749 1174 884 1269 fiAlri
910 1176 987 1249 sunt
998 1175 1143 1272 sujpellr'
1166 1174 1212 1245 de
1234 1174 1360 1246 haere·

143 1206 191 1367 it,
221 1271 275 1347 alii
298 1268 478 1364 diffammi
529 1270 689 1366 Sulpedli
715 1271 887 1345 haeresrot
918 1271 1023 1346 vatilr
1046 1277 1091 1345 de
1119 1266 1361 1354 crudelium,

145 1398 191 1451 ex
215 1368 342 1465 patria,
360 1365 584 1459 parentibus,
611 1368 841 1456 educatione,
868 1367 990 1454 sociis,
1033 1370 1101 1441 nec
1134 1387 1229 1453 non,
1253 1362 1280 1437 st
1305 1360 1361 1436 vel

146 1465 300 1543 adlocuti
319 1460 453 1533 fuerint
472 1464 691 1552 haereticos,
717 1463 741 1536 st
767 1463 988 1551 defensoret,
1011 1465 1068 1535 vel
1086 1461 1265 1547 fautores,
1287 1456 1363 1531 fue·

144 1565 218 1637 rint
241 1580 386 1647 eorum,
426 1560 485 1630 vel
516 1557 733 1652 inpeditorer
764 1558 874 1633 officii
902 1557 1157 1654 inquisitionis,
1197 1556 1254 1630 rel
1280 1557 1369 1626 talea

136 1651 408 1741 acclenasticae
444 1653 635 1750 sepulturae
668 1654 814 1726 scienter
854 1657 1015 1744 tradunt,
1055 1652 1115 1752 qui
1151 1674 1171 1725 a
1205 1649 1370 1724 moribur

146 1748 324 1831 Ecclesiae
349 1749 556 1835 discedunt,
587 1747 646 1844 qui
677 1749 928 1838 scandalosum,
956 1772 1017 1823 aut
1042 1744 1259 1843 suspectum,
1309 1741 1374 1817 uiti

138 1850 335 1932 dixerunt,
375 1842 435 1940 qui
469 1843 728 1919 haereticorum
749 1848 1018 1939 ¹conventiculis
1045 1843 1170 1918 iterata
1198 1843 1292 1916 inter
1333 1860 1371 1912 e·

137 1962 232 2037 ,runt
254 1939 354 2028 vice,
379 1938 439 2107 (ἧυί
465 1940 502 2012 in
523 1937 888 2014 excommunicatione
915 1964 978 2039 per
1001 1962 1151 2028 annum,
1183 1958 1245 2010 aut
1269 1936 1413 2013 bien-f

148 2047 272 2128 nium,
296 2032 382 2132 petsl
416 2055 481 2108 unt
504 2053 574 2110 etc.
622 2033 683 2109 Est
707 2034 860 2132 denique
885 2037 1037 2134 suspicio
1060 2037 1119 2111 vel
1141 2036 1247 2125 lrrr'r,
1282 2048 1413 2131 quotz

104 2172 107 2177 ·
137 2133 300 2232 ,requirit
324 2131 529 2207 canonicam
555 2129 818 2229 purgationem,
841 2133 1166 2226 abjurationemve,
1190 2132 1250 2203 vel
1274 2130 1370 2213 vrbe,-
1395 2158 1413 2175 ·

140 2255 260 2329 prens,
306 2252 394 2325 quae
417 2231 620 2326 generalem
642 2227 754 2302 omnir
781 2227 950 2302 haeresrot
981 2220 1371 2322 abjurationem-inpo-
1399 2253 1413 2269 ·

149 2333 227 2417 nit,
252 2325 309 2396 vel
336 2325 510 2409 violenta,
535 2347 623 2420 quae
646 2324 796 2433 aliquem
829 2325 978 2410 declarat
1002 2324 1235 2397 haereticum.
1283 2316 1372 2413 Dif·
1387 2349 1413 2369 ⁴

141 2422 276 2523 Ifamml
303 2441 390 2489 vero
415 2418 459 2489 de
483 2417 613 2489 haeresi
637 2420 802 2507 audiunt,
830 2441 951 2494 contra
970 2442 1057 2517 quor
1082 2414 1370 2514 publicasclamar

149 2520 263 2603 fama,
287 2513 345 2584 cui
368 2509 440 2583 duo
467 2509 574 2585 tester
599 2513 679 2586 boni
706 2512 899 2607 sufficiunt,
923 2516 1008 2589 licet
1032 2514 1071 2589 in
1095 2516 1201 2602 loeo,
1226 2531 1369 2607 ternpo-

150 2638 212 2702 re,
244 2625 303 2684 aut
329 2603 437 2679 caufis
469 2604 655 2695 scientiae,
697 2633 766 2683 non
803 2612 1042 2685 concordent:
1084 2607 1264 2704 infligitur
1288 2602 1413 2704 iper:

152 2705 320 2787 canonica
351 2704 537 2797 purgatio,
575 2705 707 2800 aliaque
741 2729 855 2798 poena
888 2705 1076 2780 ordinaria.
1124 2727 1161 2798 g.
1190 2700 1372 2779 altisone

150 2800 292 2902 relapfi,
318 2800 374 2873 vel
403 2798 439 2870 in
465 2797 643 2887 haeresin,
669 2804 725 2874 vel
751 2802 937 2877 lautotiam
967 2799 1160 2890 haerelios,
1193 2798 1268 2873 live
1290 2796 1373 2898 post
1405 2815 1413 2825 ·

149 2898 406 3001 abjurationem
433 2894 470 2967 in
496 2897 666 2985 eandem,
689 2916 749 2971 aut
781 2897 901 2988 aliam,
928 2896 1081 2972 haeresin
1102 2895 1372 2990 deprehendan-

152 3021 210 3074 tur
247 2991 424 3077 incidille,
468 2990 539 3065 five
575 2997 699 3089 perjuri
734 2995 978 3086 inveniantur,
1020 3011 1078 3065 aut
1105 2992 1372 3089 poenitentiam

153 3115 226 3169 non
253 3086 387 3182 egerint
409 3086 591 3181 inpositam·
617 3088 692 3182 post
717 3091 993 3183 abjurationem,
1023 3090 1078 3161 vel
1105 3086 1370 3185 purgationem.

155 3188 284 3283 Quales
314 3183 370 3255 vel
396 3181 537 3257 severae
573 3184 797 3280 subjiciuntur
826 3183 1091 3285 poenitentiae,
1132 3186 1190 3267 vel
1221 3183 1372 3261 brachio

154 3278 297 3361 seculari
323 3275 513 3353 traduntur.

148 3403 154 3416 ·
201 3377 232 3474 §.
260 3374 433 3461 ccxxi-
458 3399 490 3470 3.
516 3377 657 3449 Praeter
688 3377 903 3468 haereticos,
932 3378 1076 3476 proprie
1108 3374 1243 3464 ditior,
1283 3372 1370 3471 alii,

154 3497 302 3574 quorum
331 3470 487 3544 facinora
514 3473 639 3567 aliquid
669 3474 713 3546 de
746 3474 925 3550 haeretica
951 3477 1124 3571 pravitate
1147 3470 1286 3548 trabere
1312 3472 1371 3549 vi·

154 3579 302 3653 dentur,
342 3566 476 3675 adohoc
501 3570 647 3643 tribunal
675 3570 865 3665 rapiuntur.
917 3573 1043 3673 Quales
1067 3572 1158 3645 lunt.
1176 3596 1208 3643 a.
1235 3568 1296 3668 qui
1324 3570 1370 3645 li·-

156 3672 238 3747 bros
262 3661 459 3756 prohibitos
472 3683 513 3734 et
532 3665 731 3741 haereticos
748 3666 898 3754 habent,
925 3673 1064 3763 legunt,
1090 3668 1250 3739 vendunt
1269 3687 1366 3759 ete,

158 3766 228 3842 srne
252 3761 319 3830 ulla
345 3759 581 3851 exceptione,
602 3767 632 3835 b.
656 3764 836 3857 polygoni,
859 3783 982 3856 utpote
1008 3762 1291 3836 haeresroacirca
1315 3760 1368 3837 sav

156 3874 371 3937 eramentum
405 3852 620 3928 matrimonii
654 3857 812 3953 suspecti.
864 3862 968 3956 Quod
997 3859 1019 3933 sr
1045 3879 1207 3947 teneant,
1251 3860 1371 3947 ploret

154 3960 261 4035 licere
292 3951 420 4023 ducere
456 3971 598 4035 uxores,
638 3952 810 4025 haerelior
841 3957 891 4027 tei
926 3978 1096 4053 aguntur,
1138 3954 1368 4029 stlibidinem

154 4075 290 4133 tantum
307 4047 496 4141 fateantur,
509 4114 512 4121 .
523 4064 679 4129 torturae
695 4072 760 4149 pro
776 4050 976 4129 intentione
989 4051 1237 4150 subjiciuntur.
1261 4048 1372 4143 ,Poll

1274 4146 1373 4198 nlxirr.
