3022 4806
124 634 202 731 πο
514 628 658 728 Historia
682 624 809 724 Ecclrs.
835 628 947 726 Clarifl.

135 814 320 903 collatum,
354 833 416 906 per
435 807 634 905 provincias
660 804 871 901 elnensem,
898 802 1153 897 arelatensem,
1185 826 1223 884 et
1257 808 1353 882 Nar·

139 912 350 994 buciensem,
382 904 529 1000 enge-ndi
554 904 752 978 haereticos
778 904 894 979 redire
914 903 957 975 ad
981 900 1189 994 Ecclelium,
1220 926 1260 979 et
1274 928 1351 1003 per·

133 1009 276 1083 uellernr‘
296 1025 397 1099 poena
421 1005 577 1074 cunoniru
604 1015 831 1089 contumace53
857 1015 895 1075 ut
922 996 1124 1072 innocentii
1141 998 1352 1097 epistsraa.

140 1106 203 1180 lib.
230 1103 278 1174 ll.
306 1102 420 1172 haber.
477 1097 562 1169 Vid.
590 1095 694 1167 etiarn
713 1119 770 1191 ep.
800 1118 904 1192 123„
928 1113 964 1165 et
979 1093 1065 1167 aliae
1079 1094 1193 1191 plures
1210 1097 1356 1187 limilet,

142 1218 185 1275 ut
212 1197 234 1272 l.
261 1198 288 1268 1.
315 1219 372 1289 ep.
397 1215 455 1283 94.
482 1211 518 1263 et
542 1195 562 1264 l.
587 1192 633 1264 11.
659 1214 717 1287 ep.
750 1212 830 1287 123.
879 1188 986 1264 Haud
1017 1188 1078 1263 diu
1109 1188 1188 1285 post
1217 1196 1262 1267 ab
1297 1216 1358 1266 co·

142 1296 223 1370 dem
248 1293 338 1384 Papa
365 1286 581 1384 inquinaris
611 1284 767 1359 officium
792 1283 843 1360 ell
876 1284 1086 1372 Dominico,
1118 1286 1254 1360 ordinis
1284 1290 1359 1364 Do·

142 1387 396 1465 minicanorarn
422 1384 620 1472 fundatori,
648 1384 786 1467 datum,
835 1379 870 1454 ui
895 1381 930 1454 in
956 1379 1154 1454 haereticos
1176 1384 1357 1481 inquiren·

143 1485 202 1570 di,
227 1502 295 1554 nec
322 1502 394 1551 non
419 1481 457 1551 iu
483 1478 734 1645 Efilcoporum
758 1476 811 1551 stu
840 1477 909 1551 'um
947 1495 1006 1548 eos
1029 1475 1263 1574 exstirpandi,
1298 1484 1358 1553 de·

145 1580 252 1673 nique
279 1574 462 1669 Principes
485 1594 503 1645 a
551 1575 676 1647 bellurn
701 1590 822 1647 contra
847 1596 907 1647 eor
927 1571 1122 1662 excitandi,
1149 1573 1357 1669 potestatem

144 1671 299 1766 accepit.
352 1668 435 1771 Quo
460 1690 605 1743 rnunere
631 1664 770 1741 fundus
801 1665 852 1740 est
881 1666 960 1764 post
993 1668 1183 1742 concilium
1217 1670 1358 1745 Latera·

146 1768 256 1841 nense
282 1765 349 1840 IV.
374 1790 403 1839 a.
432 1786 560 1854 1215„
595 1782 734 1857 tamque
757 1761 912 1838 fideliter
934 1782 971 1835 et
1006 1760 1147 1847 severe.
1182 1783 1222 1838 ut
1257 1767 1361 1864 ipfiur

149 1861 279 1939 Ordiui
300 1861 405 1933 luerit
425 1862 628 1954 adligatum,
654 1858 704 1930 ita
729 1874 871 1947 tanen,
898 1877 935 1931 ut
951 1879 995 1930 ex
1020 1858 1279 1949 franciscanae,
1304 1862 1361 1937 seu

150 1957 356 2041 Minoririt,
382 1955 500 2051 pnffrm
517 1952 625 2051 aliqui
648 1952 781 2025 fuerint
805 1952 966 2050 adjundli.
1009 1952 1102 2027 Nec
1127 1972 1249 2031 tamen
1267 1961 1361 2063 sepa·

150 2077 265 2129 ratum
292 2054 439 2126 tribunal
464 2048 585 2125 nauus
610 2048 661 2122 est
685 2046 914 2138 Dominicus;
938 2050 1040 2145 quale
1066 2048 1149 2143 quid
1173 2073 1240 2145 per
1256 2054 1361 2128 inno

151 2150 308 2226 centium
336 2150 401 2223 lV.
427 2149 566 2222 demum
589 2144 638 2221 eli
667 2141 843 2235 ereetum,
868 2148 960 2242 quod
984 2146 1167 2239 negotium
1188 2146 1273 2221 fidei
1288 2150 1362 2225 uni·

154 2270 200 2320 ce
227 2244 412 2334 traftaret,
439 2246 475 2317 in
505 2266 576 2339 quo
597 2240 764 2338 judicium
783 2238 1054 2336 pronunciarent
1070 2239 1294 2338 inquilitores
1313 2246 1362 2319 lo-

154 2341 218 2413 lius
249 2342 361 2433 Papae
395 2339 551 2409 nomine.
600 2337 722 2435 Qualia
762 2335 940 2409 tribunalia
973 2337 1124 2429 primurn
1166 2337 1364 2415 introdudla

156 2437 235 2509 sunt
260 2433 296 2505 in
328 2434 446 2518 ltalia,
471 2431 565 2502 inter
591 2429 847 2504 Praedicaturer
869 2451 905 2502 et
932 2430 1122 2504 Minoritar
1147 2432 1275 2523 diuisa,
1300 2440 1360 2510 cui

153 2525 294 2622 utrique
310 2524 437 2598 Ordini
456 2522 612 2599 osticium
631 2522 932 2621 fuitadsrgnatutn.
979 2527 1183 2616 Praeterea,
1203 2552 1280 2605 cunr
1297 2534 1356 2604 Pa·

152 2646 236 2723 pam
263 2621 365 2717 saepe
393 2619 529 2692 necelle
556 2619 728 2692 haberent
752 2623 931 2697 consulere
965 2621 1211 2718 inquisitores,
1246 2646 1281 2701 et
1311 2628 1362 2701 ita

153 2724 305 2797 Rornarn
330 2717 444 2802 adire,
478 2713 616 2810 quando
641 2713 749 2788 officii
775 2718 986 2791 exercitium
1021 2719 1365 2819 interrumpebatur,

159 2819 324 2894 Urbanus
357 2813 447 2901 Ν,
483 2830 519 2882 ut
554 2809 635 2882 huic
667 2810 759 2882 malo
778 2813 998 2900 mederetur,
1026 2811 1177 2887 inllituit
1201 2839 1232 2893 a.
1264 2830 1369 2917 ¹2⁶3·

150 2910 405 3008 Inquisitorem
430 2907 587 2980 omniunt
614 2907 819 2997 Getarulent,
845 2909 983 2982 Romae
1005 2909 1232 2999 residentem,
1265 2938 1370 3013 quern

153 3031 220 3107 per
235 3007 370 3080 litteras
404 3002 646 3088 consulerent,
683 3001 812 3100 quique
835 3025 915 3078 cunt
939 3006 1028 3100 Papa
1044 3024 1186 3102 ageret:
1222 3032 1372 3106 quornm

152 3126 157 3153 ¹
187 3104 292 3175 rirnut
316 3097 384 3171 luit
407 3098 587 3195 Johanner
611 3100 796 3195 Cajetanua
820 3100 983 3190 Ursinus,
1009 3102 1222 3192 cardinalis,
1248 3106 1371 3204 postea

155 3128 1267 3388 {reiltunllrrlalaaealr:nur‘,aa
1284 3214 1427 3375 aa

807 3346 816 3379 ,
1059 3347 1068 3366 .
1120 3344 1130 3367 .
1265 3355 1274 3372 ,
1359 3338 1373 3358 .

161 3387 305 3489 putavit
336 3385 395 3460 sen
428 3385 626 3460 cardinales
650 3385 873 3482 Inquisitorea
904 3387 1117 3478 Generaler,
1142 3387 1179 3462 in
1205 3395 1374 3472 omniurn

154 3485 255 3564 urbia
280 3481 468 3557 Christiani
492 3480 595 3571 lucia,
622 3501 703 3555 cunr
727 3483 859 3558 summa
882 3481 1071 3579 potestate,
1098 3507 1201 3581 quarn
1227 3489 1373 3586 sequen.

145 3590 212 3657 ²t'ea
234 3582 345 3676 Papae
367 3579 481 3652 adhuc
503 3598 697 3654 auxeruntt
719 3599 739 3651 a
763 3602 837 3676 quo
858 3599 1020 3677 ternpore
1043 3581 1232 3655 concilium
1258 3586 1376 3687 lnqui-

163 3676 304 3754 litionis
327 3673 525 3769 supremum
551 3671 601 3748 est
622 3673 836 3766 formatum,
862 3678 919 3749 cui
940 3696 1065 3750 onnes
1088 3677 1210 3772 reliqui
1225 3682 1376 3782 inquili-

136 3789 252 3867 „toret
276 3767 386 3842 ellent
411 3767 568 3861 subjedli.

207 3870 240 3985 g.
264 3865 411 3942 CCXV.
437 3863 574 3963 Quibus
607 3863 815 3959 praernillis,
850 3865 893 3940 ad
924 3867 1164 3965 Inquilitorer,
1195 3870 1376 3975 aliosque,

150 3990 225 4070 qur
246 3964 292 4042 iia
318 3956 534 4045 inserviunt,
557 3958 753 4033 adcuratiur
777 3957 1020 4037 describendos
1037 3967 1181 4041 accedo.
1227 3970 1375 4070 lnquifi.

142 4074 258 4169 *1qrer
272 4061 350 4157 sunt
360 4059 492 4162 judices
514 4057 793 4152 extraordinarii,
817 4079 865 4134 ex
886 4060 1189 4160 Praedicatoruru,
1203 4068 1267 4141 vel
1294 4068 1374 4143 Mi.

1229 4166 1354 4241 uuthm
