3022 4806
126 598 201 692 3⁶4
518 568 667 668 Historia
689 564 818 671 Eccles.
842 570 963 695 cirtifl.

123 773 214 843 ‘nem
240 756 416 842 laterent,
438 771 502 849 per
528 745 638 844 ipsum
663 754 830 849 populum
847 751 1021 827 certiores
1035 745 1138 838 fasti,
1164 750 1347 849 elegerunt

139 856 445 939 Bartholemaeum
463 846 696 941 Prignanum,
723 848 1040 942 rlrclrieprscopum
1064 847 1267 936 Parensent,
1288 870 1342 943 pa·

138 957 206 1032 tria
230 948 520 1042 Neapolitanum,
561 942 694 1014 dicium
724 944 892 1016 Urbanum
919 942 986 1014 Vl.
1036 942 1143 1034 Cujus
1171 941 1341 1016 electionis

138 1041 410 1126 circumstantias
436 1040 520 1112 licet
542 1040 640 1109 varie
664 1058 807 1111 narrent
831 1040 1016 1129 scriptores
1040 1036 1189 1124 inusti,
1227 1034 1339 1109 eluces·

139 1147 192 1223 cit
208 1161 324 1218 tamen
342 1158 387 1208 ex
406 1133 587 1220 omnibus,
613 1139 866 1208 tumultuatum
884 1130 985 1205 suisle
1000 1150 1098 1217 earn,
1123 1150 1159 1201 et
1174 1131 1336 1222 coaciam,

141 1263 212 1318 nec
244 1232 306 1306 nist
334 1227 593 1325 proviſsnnnlem,
619 1245 656 1298 et
680 1229 866 1316 ludicram,
891 1244 928 1298 ut
963 1227 1127 1298 tumultus
1157 1226 1335 1316 sedaretur,

140 1357 181 1411 et
206 1331 331 1407 liberae
354 1322 535 1395 electionis
559 1326 699 1395 daretur
727 1320 873 1396 occasio.
925 1321 1123 1394 cardinales
1154 1321 1333 1395 Romaer'n

142 1426 267 1507 litteris
289 1421 331 1492 ad
357 1417 572 1505 cardinales,
615 1416 674 1512 qui
708 1418 897 1491 Avenione
928 1414 1143 1504 manserant,
1184 1416 1333 1511 fignifica-

140 1542 223 1600 runt
257 1514 420 1612 quidem,
459 1511 667 1586 electionem
702 1510 801 1584 suilie
823 1510 950 1606 sariunt
981 1528 1012 1582 et
1044 1516 1243 1601 unanimem,
1276 1511 1333 1583 line

142 1617 221 1692 ullis
253 1610 375 1708 populi
405 1611 631 1693 clamoribus,
672 1626 730 1679 aut
764 1611 912 1679 tumultu
942 1604 1147 1700 peractam,
1188 1605 1246 1679 sed
1265 1603 1331 1681 illul

145 1708 275 1811 partim
309 1707 475 1777 omnibus
506 1700 677 1775 historicis
712 1701 925 1796 aequalibus,
959 1701 1066 1773 etiarn
1094 1704 1328 1794 praesentibus,

145 1800 364 1887 adversatur,
390 1797 509 1892 partim
536 1800 579 1867 ab
607 1794 705 1891 ipsis.
739 1797 798 1890 qui
824 1794 951 1869 litteris
974 1794 1261 1891 subscripserunt,
1284 1796 1330 1869 sal·

149 1922 225 1978 tem
251 1895 435 1981 tredecim,
473 1890 524 1964 est
554 1889 797 1980 retractatum,
839 1912 918 1965 cum
944 1890 1103 1964 libertate
1132 1891 1239 1987 gavisi
1263 1893 1330 1967 sunt.

149 1988 321 2072 Gallicani
348 1988 468 2084 utique
493 1986 709 2072 cardinales,
751 2009 830 2059 cum
859 1989 930 2058 sese
952 1986 1177 2058 Arenionem
1203 1985 1330 2084 recepis-

150 2100 249 2180 sent,
273 2084 502 2179 scripserunt,
528 2104 564 2154 et
586 2084 630 2155 ad
649 2082 825 2156 Urbanum
844 2082 974 2175 ipsum,
1000 2099 1036 2152 et
1053 2082 1095 2153 ad
1119 2105 1241 2156 omnes
1256 2086 1331 2156 Pnn·

153 2190 275 2282 cipes,
292 2205 334 2257 ac
351 2183 539 2267 Praelatos,
564 2176 716 2264 litteras,
741 2178 864 2273 quibus
880 2175 1069 2248 violentam
1089 2195 1126 2247 et
1142 2177 1330 2289 illegitimam

151 2282 254 2358 soille
279 2275 484 2349 electionem
517 2274 749 2355 declararunt,
794 2270 890 2344 simul
914 2270 1113 2359 Urbanum,
1155 2297 1235 2369 quta
1259 2277 1332 2348 thro·

152 2399 237 2449 num
261 2393 299 2441 ea
329 2373 466 2440 ratione
490 2386 699 2458 occupatum
727 2369 886 2454 tenebat,
931 2388 997 2460 pro
1028 2364 1182 2457 intruso,
1216 2390 1331 2442 exenn-

153 2465 356 2547 municat0,
374 2464 448 2533 imo
468 2458 706 2544 Antichristo,
726 2478 762 2530 et
779 2460 991 2535 destruetore
1009 2462 1203 2553 Ecclesiae,
1221 2463 1331 2539 habent.

153 2555 490 2660 Quointempestiva
509 2551 642 2626 Urbani
662 2555 836 2647 superbia,
857 2576 892 2627 et
911 2555 1091 2641 severitas,
1119 2580 1256 2655 quoque
1273 2556 1332 2632 nul·

154 2679 228 2737 tum
253 2652 424 2739 contulit,
450 2669 531 2718 mox
554 2649 590 2718 in
613 2648 715 2719 initio
737 2649 987 2738 demonstrata,
1019 2674 1085 2746 qua
1103 2654 1333 2730 Gallicanorum

156 2775 229 2833 non
253 2768 410 2831 tantum,
434 2744 490 2815 sed
518 2762 554 2814 et
581 2744 820 2815 nonnullorum
847 2748 1030 2830 Italorum,
1054 2747 1190 2820 animos
1211 2776 1230 2824 a
1249 2749 1334 2823 seal-

155 2844 343 2930 alienavit3
383 2861 456 2914 rmo
490 2838 686 2931 Johannam
717 2862 881 2935 quoque,
921 2841 1056 2914 Siciliae
1091 2845 1279 2938 Reginam,
1307 2852 1334 2911 et

157 2949 328 3019 Ottonem
355 2935 659 3022 Brunsvicensem‚
701 2936 859 3008 maritum
891 2937 982 3029 ejus,
1025 2939 1115 3010 bene
1148 2963 1232 3037 erga
1253 2938 1337 3035 ipsunt

159 3034 333 3117 adsessos,
371 3033 615 3116 exacerbavit,
654 3050 691 3101 et
716 3028 752 3102 in
778 3032 809 3102 se
832 3032 995 3105 irritavit.
1048 3031 1188 3130 Quibus
1208 3038 1340 3109 omnibns

159 3132 289 3213 fatiunt
314 3124 386 3213 est,
412 3145 448 3193 ut
475 3124 668 3198 cardinales
697 3125 886 3216 Gallicani,
920 3150 998 3199 cum
1023 3131 1143 3222 paucis
1168 3131 1259 3205 italis
1281 3147 1342 3203 con·

157 3232 349 3327 spirantes,
391 3219 462 3294 sese
490 3222 646 3308 Fundos,
687 3219 915 3315 Neapolitani
944 3225 1041 3319 regni
1066 3222 1268 3315 civitatem,
1304 3219 1344 3295 sub

160 3324 267 3400 tutela
293 3320 495 3414 Joltannae‚
535 3316 751 3409 receperint,
792 3340 994 3411 novumque
1024 3320 1076 3390 ele
1102 3319 1195 3392 erint
1222 3325 1344 3416 Papam

158 3419 291 3512 majore
323 3413 465 3509 quidem
488 3414 663 3496 libertate,
704 3410 760 3482 sed
788 3412 881 3485 simul
909 3412 1027 3483 fraude
1049 3342 1115 3499 uli,
1160 3438 1226 3509 qua
1262 3416 1344 3488 ltalot

157 3517 478 3592 circumvenerunt.
536 3506 674 3580 Eleclus
712 3505 763 3579 est
797 3510 973 3581 Robertus
1007 3508 1267 3599 Gibennensrs,
1307 3497 1348 3578 sel

161 3602 394 3693 Genevensrs,
420 3605 469 3674 ita
495 3604 702 3698 adpellunt,
729 3606 821 3693 quod
848 3604 956 3675 frater
980 3608 1034 3676 vel
1061 3628 1172 3697 nepos
1197 3604 1347 3679 elletcu·

161 3702 255 3785 mitis
285 3698 518 3805 Genevensrs,
550 3697 664 3770 dicius
693 3698 834 3769 clemens
858 3698 965 3787 Vll,
996 3701 1056 3811 qui
1082 3723 1187 3787 mou,
1232 3689 1349 3796 majoris

159 3796 349 3880 securitatis
381 3814 484 3885 ergo,
528 3790 679 3863 tetendit
712 3789 961 3881 Aveninnem,
987 3796 1123 3891 'ibique
1151 3798 1247 3868 sedes
1278 3787 1349 3868 fitis

162 3891 313 3976 Habitus
353 3885 403 3960 est
434 3887 490 3958 vir
518 3885 668 3979 sopiens,
711 3907 747 3958 et
775 3888 891 3981 magni
917 3891 1045 3976 animi,
1087 3883 1351 3964 cuimutraefs·

159 3992 276 4071 miliae
300 3982 447 4065 illustres
471 4001 510 4057 et
533 4000 698 4078 potentes
730 3999 829 4060 erant
860 3986 1112 4062 netellitudine
1145 3984 1352 4081 conjures.

1192 4088 1351 4180 praeterea
