3022 4806
666 593 775 675 Steti.
802 535 902 677 XVI.
1306 610 1383 705 '66⁴5

145 773 326 866 eminent,
363 771 581 871 adpeliuntur
615 777 786 872 Calogeri,
821 776 993 851 seuiuariti
1022 779 1168 877 piperius,
1193 797 1251 857 aut
1282 795 1375 863 ranst

145 899 200 950 ur
220 881 300 972 tapsi.
349 871 437 947 Vid.
460 891 497 948 et
520 875 668 971 cangius
692 872 915 946 inGlossirrio
940 876 1080 952 Latino.
1122 877 1286 954 Salarium
1308 885 1371 957 de·

79 1043 84 1052 ,
147 974 250 1066 nique
274 966 366 1043 Cleri
392 968 443 1042 est
467 971 568 1045 valde
591 971 791 1056 modicum,
813 967 1004 1061 sacerdotes
1023 969 1145 1066 stipem
1171 976 1214 1044 ab
1243 979 1371 1051 andita·

145 1069 241 1154 ribus
263 1067 402 1153 babent,
433 1069 543 1141 verba
570 1065 647 1140 sunt
669 1065 800 1153 Crusti,
824 1064 908 1159 sunt
930 1067 1013 1138 'enirn
1039 1085 1147 1142 tntae
1169 1070 1279 1147 domus
1300 1079 1369 1148 eni·

144 1156 402 1257 qnebcclesae
428 1164 683 1254 adnumeratae,
708 1187 730 1234 a
757 1164 872 1255 quibus
888 1161 1032 1257 sagulis
1052 1167 1262 1258 deputatam,
1286 1172 1369 1266 quad

144 1253 208 1353 ipsi
230 1256 360 1355 χςωικὲι
382 1276 519 1347 nocant,
566 1265 655 1333 uanis
671 1282 755 1332 anno
770 1261 945 1349 accipiant.
989 1259 1047 1332 Ea
1052 1259 1224 1355 sepultura
1242 1268 1364 1359 etiarn,

133 1353 329 1451 -easeanir,
357 1352 490 1446 aliisque
514 1281 632 1446 isiciis
648 1354 910 1446 sacerdotalibus
933 1350 988 1452 (ur
1014 1354 1135 1452 miffit,
1159 1379 1240 1450 quas
1265 1361 1366 1435 Laiti

143 1473 207 1546 pro
228 1451 270 1549 se
296 1465 326 1522 et
349 1449 507 1537 defundis
530 1455 677 1545 cognatis
700 1445 826 1535 emunt)
849 1457 1018 1540 pecuniam
1046 1459 1227 1528 lucrantur.
1276 1457 1366 1627 ρὲιί.

134 1551 222 1626 ,dam
248 1552 371 1618 interea
398 1548 479 1615 dorni
496 1547 562 1641 sua
580 1547 712 1640 opisieia
730 1563 891 1622 exercent.
936 1546 1141 1644 Quibusdam
1164 1571 1279 1647 qnoque
1331 1580 1366 1629 c.

145 1643 252 1734 adestis
267 1643 369 1736 sandi
392 1647 473 1712 certi
499 1669 518 1714 a
544 1643 738 1716 moribundis
754 1644 895 1712 dedicati
908 1643 1005 1737 snnt.
1057 1643 1219 1739 Denique
1237 1669 1362 1725 notan·

144 1739 230 1812 duni
256 1737 327 1825 est,
371 1734 602 1811 sacerdotibus
625 1741 731 1812 licere
764 1756 887 1809 uxores
914 1739 1060 1824 habere,
1102 1739 1160 1810 sed
1193 1762 1259 1814 nec
1280 1744 1362 1840 post

144 1830 446 1908 consecrationem
477 1833 630 1924 ducere,
671 1856 737 1905 nec
778 1830 890 1926 prima
922 1831 1088 1906 defunbia
1118 1854 1267 1928 novam,
1309 1840 1363 1915 far

145 1932 218 2016 est,
253 1929 314 2001 nisi
341 1923 461 1998 officio
487 1928 617 2022 privari
642 1931 718 2023 quis
742 1929 838 2000 velit.
890 1927 946 2002 De
974 1928 1173 2017 monachis,
1204 1951 1241 2002 et
1263 1936 1362 2009 nobi·

141 2027 270 2100 liffimo
295 2022 449 2095 omnium
484 2023 693 2098 monasterio
718 2023 849 2096 montis
873 2024 972 2096 Atho
999 2021 1034 2096 in
1069 2025 1253 2115 Chalcide,
1278 2030 1362 2107 Ma.

138 2122 311 2197 cedoniae
335 2115 535 2209 Provincia,
559 2117 619 2214 qui
645 2122 738 2214 plura
767 2120 874 2206 velit,
900 2119 998 2192 adeat
1021 2138 1161 2214 praeter
1185 2123 1268 2197 alios
1292 2127 1360 2203 La.

139 2220 251 2290 miam
275 2216 310 2286 in
333 2214 461 2286 deliciis
483 2216 675 2288 eruditorum
701 2237 730 2287 a.
762 2233 865 2305 ¹740·

191 2309 224 2408 §-
249 2309 416 2384 DCXlll.
467 2310 523 2383 Ad
557 2310 784 2386 miserabilem
818 2305 988 2381 Ecclesrae
1021 2306 1177 2383 Graecae
1207 2310 1358 2408 statum,

138 2421 202 2506 qur
235 2431 279 2480 ex
313 2404 534 2499 supradietis
567 2404 669 2478 facile
709 2402 893 2492 elucescit,
934 2421 970 2475 et
1001 2401 1083 2476 illud
1117 2406 1224 2499 fucit,
1264 2414 1357 2508 quod

138 2525 213 2576 non
241 2503 346 2575 solum
371 2501 476 2573 variis
501 2498 615 2572 modis
639 2523 658 2573 a
686 2496 814 2573 Tuscis
839 2500 1059 2595 expilentur,
1087 2504 1202 2577 muitit
1226 2509 1356 2606 ubique

140 2599 326 2697 priventur
357 2595 538 2682 Ecclessis,
580 2593 637 2668 sed
664 2591 700 2667 in
723 2595 850 2691 primia
874 2594 965 2691 quod
996 2600 1096 2690 pueri
1132 2599 1176 2671 iis
1202 2605 1357 2679 erinian.

139 2713 220 2783 tur,
243 2712 284 2768 nt
306 2691 462 2765 Tureice
489 2692 699 2775 educentur,
723 2712 758 2762 et
780 2689 1010 2764 instituantur.
1062 2687 1355 2793 Quemadmodum,

137 2789 252 2886 inquit
299 2791 522 2880 Chprraeus,
561 2790 635 2859 alirn
673 2783 850 2877 Cbrisbiani
886 2787 1091 2877 inperatores
1135 2812 1176 2861 ea
1192 2842 1198 2851 -
1209 2790 1354 2888 fingniir

140 2888 304 2959 Graeciae
332 2882 452 2978 oppidis
476 2896 596 2955 centurn
621 2904 783 2954 numerum
805 2883 994 2967 liberorum,
1019 2885 1053 2952 in
1080 2885 1193 2975 quibus
1216 2895 1354 2983 egregia

139 2983 262 3057 indaies
274 3003 355 3077 prae
370 2981 484 3052 cereris
500 2980 645 3049 elucebat
655 3028 666 3065 ,
693 2978 899 3071 delegerant,
919 2999 992 3069 quor
1008 2977 1051 3048 ad
1066 2981 1195 3071 publica
1214 2981 1350 3080 efficia,

138 3081 276 3153 miiitiae
302 3092 432 3166 togatae
457 3091 488 3145 et
504 3073 657 3158 bellicae,
684 3075 718 3142 in
742 3073 818 3144 aulo
838 3072 971 3146 educari
986 3091 1167 3174 curarunt,
1192 3078 1245 3152 ita
1267 3079 1353 3162 Tur<

140 3179 193 3263 ei,
218 3192 367 3264 occupato
391 3172 582 3244 Graecorum
613 3191 729 3261 regno,
762 3170 843 3241 idem
868 3170 930 3263 jus
956 3169 1112 3260 eripiendi
1135 3170 1351 3273 Patribusfa·

139 3274 249 3343 miliar
281 3271 424 3340 liberos.
465 3269 603 3360 ingeniis
633 3265 761 3336 eximiis
792 3265 975 3355 praeditos,
1018 3262 1193 3359 usurpant,
1233 3278 1287 3365 qni
1309 3273 1354 3347 ad

143 3363 301 3443 Turaicae
318 3364 479 3456 religionis
503 3365 605 3445 sirus,
629 3376 660 3429 et
677 3361 722 3432 ad
736 3362 890 3432 militiam
912 3359 1135 3448 instituantur.
1183 3365 1360 3444 Veranius,

137 3485 210 3533 enen
243 3463 297 3532 bos
319 3462 455 3551 pecnnia
490 3462 641 3529 redimere
672 3481 693 3527 a
725 3453 988 3549 conquistorr'bns
1018 3455 1122 3549 saepe
1151 3458 1355 3549 Parentibus¹

134 3557 227 3631 ditet.
277 3555 427 3649 Reliqui,
454 3576 523 3624 cum
553 3551 685 3624 nirttdis
700 3549 864 3645 specimen
895 3550 1043 3624 inbellis
1068 3557 1352 3652 egreginmpm.

139 3658 237 3737 beot,
270 3653 312 3719 ad
326 3652 469 3744 sumserat
493 3648 668 3741 dignitatis
692 3664 724 3718 et
748 3647 894 3719 bonorum
918 3648 1042 3738 gradus
1070 3651 1252 3724 trabuntur.
1302 3659 1354 3732 Ee

136 3750 256 3822 strabos
279 3747 357 3816 itaer
380 3752 544 3832 exempla,
572 3759 603 3816 et
623 3741 729 3836 gioria
752 3744 924 3826 militaris,
949 3767 1028 3837 anae
1053 3747 1085 3817 in
1105 3745 1266 3838 generosts
1288 3777 1352 3826 na.

136 3850 225 3918 atris
248 3843 427 3923 acerrirnns,
438 3840 593 3936 stimulus
628 3837 692 3946 est,
734 3840 777 3909 ad
802 3840 1058 3914 Mabosnerieam
1093 3843 1275 3936 religionem
1301 3854 1354 3924 in.

134 3945 245 4018 ‚itant
296 3940 352 4010 De
377 3959 447 4029 quo
471 3937 577 4007 etiam
609 3932 679 4006 vrd.
707 3933 861 4022 Crassus,
904 3936 961 4031 qui
988 3954 1097 4007 totum
1124 3935 1190 4011 hoc
1214 3946 1354 4036 negoti·

134 4057 197 4113 cnr
230 4032 424 4111 accuratius
455 4027 641 4131 exposuit,
675 4029 816 4138 ,additis¹
837 4032 941 4117 etiarn
965 4031 1188 4127 regionibns,
1223 4040 1267 4118 ab
1289 4039 1358 4153 pac

135 4184 140 4198 .
188 4125 370 4212 Tanusii,
676 4123 809 4221 b'ppp
1176 4130 1364 4212 emenone
