3022 4806
547 640 553 651 ‘
579 622 700 706 :Sernd
727 624 838 709 1111.
924 636 928 643 ’

151 821 208 891 ra,
230 801 479 881 interdicendo
494 804 731 882 obedientiam
748 805 861 903 Papio.
906 803 1028 883 Exstat
1044 801 1104 881 hic
1118 801 1253 880 libellus
1267 806 1359 901 apud

149 897 347 976 Goldastum
376 903 422 977 de
445 903 640 976 Monarrlia
664 906 788 996 Inperti
809 921 894 978 tom.
920 904 967 979 11.
1014 898 1159 997 Scripsit
1175 920 1356 999 praeterea

147 995 313 1086 libellum,
353 997 424 1073 hoc
456 998 579 1073 titulo:
620 1001 843 1073 determinatio
872 1001 911 1072 de
942 1000 1029 1073 modo
1060 994 1218 1098 existendi
1242 1017 1357 1093 corpas

147 1091 266 1182 Christi
297 1097 333 1166 in
350 1091 560 1188 sacramento
583 1087 704 1169 altoris
729 1098 813 1186 usto,
849 1119 944 1191 quam
970 1093 1020 1186 fit
1046 1095 1122 1183 illr,
1153 1116 1245 1185 quem
1268 1108 1355 1167 tener

142 1185 306 1282 Ecclesta.
355 1190 477 1265 Edidit
501 1192 622 1266 Petrus
653 1188 811 1279 Alixiuo,
835 1189 1017 1284 praemissa
1040 1189 1178 1263 erudita
1200 1185 1355 1264 differta·

140 1283 242 1356 tione
267 1278 451 1375 historica,
484 1285 530 1359 de
552 1286 719 1382 dogmate
743 1285 1022 1375 Transubstant.‚
1055 1304 1093 1357 et
1116 1281 1356 1382 praefatione,

138 1402 224 1477 qua,
270 1378 421 1453 diversos
452 1381 606 1456 mansisse
630 1381 753 1456 modos
778 1380 973 1476 explicandi
995 1377 1267 1456 'conversionem
1338 1420 1355 1438 ·

138 1474 194 1551 nit
217 1492 256 1548 et
279 1475 377 1564 vini,
402 1475 481 1570 post
503 1475 705 1551 Innocentis
723 1476 990 1567 definitionem,
1016 1473 1243 1552 demonstrat.
1315 1500 1354 1549 o·

140 1571 275 1646 hanoea
298 1571 439 1666 quidem
474 1575 520 1645 ob
552 1572 645 1646 lianc
677 1570 866 1646 doctrinam
897 1571 949 1647 est
986 1569 1211 1667 aMagistris
1233 1571 1354 1647 Parili-

140 1665 275 1740 ensrbus
301 1674 497 1756 damnatus,
524 1668 581 1741 sed
604 1669 732 1762 Papam
755 1666 960 1763 adpellavir,
995 1668 1038 1742 ad
1064 1690 1190 1764 quem,
1221 1670 1353 1742 causam

142 1758 311 1851 dicimur,
336 1760 502 1849 tendens,
528 1765 566 1835 io
596 1762 722 1837 itinere
739 1782 896 1838 mortuus
920 1762 985 1839 est.
1031 1763 1198 1836 Ceterum
1215 1761 1252 1835 in
1264 1763 1353 1839 libro

140 1877 338 1931 memorato
361 1857 450 1929 duoo
475 1860 643 1953 proponit
671 1859 812 1946 modos,
848 1857 972 1955 quibus
995 1880 1080 1935 vera
1101 1854 1231 1932 christi
1254 1881 1357 1955 prae·

140 1953 246 2027 sentia
262 1952 299 2025 in
316 1950 520 2026 eucharistia
535 1952 638 2050 possir
654 1954 840 2053 explicari,
866 1978 981 2046 unum,
1002 1976 1066 2050 per
1084 1950 1352 2029 conversionem

138 2046 346 2123 substantiae
370 2045 529 2142 patritio
562 2046 782 2124 substantiam
806 2051 962 2146 corporis
988 2046 1139 2139 Christi,
1179 2049 1352 2122 manenti·

138 2146 201 2220 bus
233 2141 476 2218 accidentibus
507 2142 576 2216 sine
598 2143 776 2240 subjedbo,
811 2147 970 2232 alterum,
1004 2166 1067 2238 per
1097 2143 1353 2219 adsumtionem

144 2236 345 2313 substantiae
372 2238 490 2333 panii,
517 2240 570 2312 vel
597 2242 803 2335 paucitatis,
837 2261 857 2312 a
883 2240 1031 2327 Verbo,
1065 2236 1123 2310 seu
1146 2237 1268 2312 divina
1293 2261 1353 2315 na·

141 2351 225 2409 tura.
275 2334 392 2434 Quem
416 2333 558 2409 modum
584 2336 738 2410 Veteres
762 2333 899 2430 semper
922 2351 1131 2423 tenuerunt,
1174 2352 1212 2406 et
1236 2335 1353 2410 seculo
1506 2400 1508 2404 ,

139 2429 320 2528 superiore
343 2427 522 2524 Repertus
545 2429 737 2507 Tuitiensrn
761 2431 853 2506 clare
877 2428 1049 2525 exposuit.
1099 2428 1232 2517 Addit,
1257 2430 1352 2527 quod

140 2526 355 2612 notandum,
382 2523 581 2620 Johaones,
607 2545 768 2601 neutrum
794 2528 938 2600 modum
963 2527 1006 2602 ab
1023 2523 1177 2600 Ecclcfia
1198 2522 1270 2600 else
1291 2526 1353 2600 de·

139 2621 301 2710 finitum,
325 2616 412 2693 adeo
437 2642 480 2693 ue
502 2618 686 2695 dissensum
710 2643 851 2697 manere
868 2620 1028 2713 licitum,
1053 2619 1116 2697 fibi
1138 2639 1256 2695 autem
1298 2644 1355 2696 ro·

139 2716 346 2826 habiliorem
371 2643 484 2789 videri
536 2713 760 2826 osteriorem,
794 2716 843 2790 ita
869 2735 1007 2808 tameo,
1033 2736 1094 2806 ut,
1119 2713 1145 2790 fi
1167 2716 1226 2790 vel
1252 2645 1353 2792 allter

139 2811 363 2899 definiverit,
378 2811 435 2885 vel
451 2809 472 2883 d
522 2829 637 2886 ortura
651 2810 902 2904 stt,Ecclcsra,
924 2811 997 2886 sese
1012 2830 1171 2908 paratum
1189 2810 1356 2907 profitens

139 2927 192 2983 tut
212 2904 392 2991 Ecclesiae
430 2905 633 2982 definitioni
662 2907 884 2984 subscribere.
935 2906 1022 2982 vid
1046 2906 1151 2980 etiam
1173 2904 1356 2981 continua·

138 3021 195 3079 tor
216 2997 381 3080 chronici
396 2999 563 3076 Gulielmi
581 3002 720 3101 Nangis
742 3007 780 3079 in
804 3003 828 3076 S
854 3000 999 3098 icilegio
1024 3001 1251 3076 Dacheriano
1265 3020 1353 3082 rom.

139 3101 203 3176 nt
228 3123 267 3196 p.
292 3105 355 3189 58.
403 3096 577 3193 Agnoscit
612 3121 681 3197 quo
706 3122 749 3174 ue
773 3097 848 3192 ipa
874 3095 1019 3172 facultas
1042 3095 1267 3195 Theologica
1290 3099 1354 3174 Pa.

138 3192 309 3283 rilieosrr,
346 3191 476 3265 nullum
502 3191 646 3269 modum
677 3216 697 3266 a
743 3189 893 3269 Ecclesia
927 3191 997 3266 else
1021 3190 1227 3283 definitum,
1266 3191 1355 3271 teste

135 3289 274 3388 judicio
289 3285 507 3379 Facultatir,
532 3288 622 3382 apud
645 3289 889 3388 Laroquaoum
920 3284 1001 3363 hist.
1026 3287 1218 3364 Eucharist.
1243 3310 1280 3385 p.
1306 3292 1355 3368 11.

137 3411 174 3486 p.
200 3407 284 3481 744.
309 3380 492 3455 recensito.
544 3383 753 3459 Caelestinus
771 3385 821 3458 V.
846 3384 940 3479 Papa
967 3381 1087 3477 opusc.
1114 3386 1218 3461 V111.
1243 3406 1280 3479 p.
1303 3386 1352 3464 11.

137 3474 1355 3676 steinsilide‘³³t.lzt²it.‘tt.t⁶lttb}5obbatis·

136 3678 219 3772 porir
244 3688 277 3744 et
291 3626 474 3768 somnino
496 3674 690 3760 ueritatem,
716 3667 780 3767 srd
803 3670 1062 3764 imaginationem
1086 3684 1236 3762 tantun,
1262 3689 1296 3748 rt
1305 3678 1355 3771 fi.

136 3792 273 3871 garam:
304 3765 370 3864 sed
399 3764 457 3852 lior
489 3769 604 3840 dinan
639 3771 753 3841 merito
783 3770 972 3859 reprobatur
1004 3767 1047 3839 alr
1072 3763 1233 3862 Eccnsta.
1284 3775 1357 3849 Atn·

140 3872 314 3954 dixerant,
350 3859 431 3956 qnod
453 3877 595 3936 rrmnnrt
620 3864 667 3933 ibi
681 3857 875 3959 substantia
896 3863 1004 3955 ponis·
1018 3878 1051 3937 et
1073 3866 1161 3954 nini,
1194 3878 1226 3936 rt
1250 3870 1283 3937 in
1305 3893 1357 3942 er·
1390 3899 1393 3907 ·

147 3965 211 4036 dem
233 3961 320 4050 loco,
343 3973 376 4031 et
394 3958 457 4055 sub
482 3956 731 4053 rademsprrir,
755 3955 930 4053 rstcorpus
946 3973 979 4031 et
993 3955 1137 4054 sangnis
1163 3957 1301 4051 Christi,
1325 3983 1359 4041 re

144 4055 201 4132 noc
230 4061 326 4130 etiam
354 4054 548 4139 damnatur.
599 4051 782 4135 Dicendum
813 4077 888 4152 ergo
901 4108 918 4152 ,¹
953 4056 1036 4148 qaod
1051 4050 1358 4156 illnsrrbstanrio,

190 4148 276 4228 Tum.
302 4149 367 4227 Vs.
761 4148 828 4229 Aa
1283 4174 1364 4251 qnae
