3022 4806
128 595 204 684 460
519 584 666 676 Histoi-ta
689 587 816 687 Eccsrfi
839 588 961 688 ciria.

135 766 273 845 dientia
297 763 408 856 sassa,
433 759 550 836 missae
578 769 654 836 sunt
680 765 842 864 utrinque
863 769 905 843 ad
929 793 1059 847 omues
1079 774 1249 856 Ecclesias
1266 780 1348 857 litte·

135 886 218 954 rae,
242 886 286 935 eo
303 862 508 949 tendentes,
535 879 575 931 ut
592 861 685 933 idem
704 861 884 953 facerent3
908 869 1005 940 viam
1023 892 1164 969 quoque
1182 876 1346 976 utriusque

138 961 248 1058 partis
280 957 496 1039 cardinales,
527 955 640 1028 secum
663 959 777 1047 uniti,
802 960 898 1033 etin
922 985 1029 1036 uuum
1055 969 1194 1060 coaeti,
1227 973 1344 1047 strare·

138 1075 220 1129 runt
246 1053 289 1126 ad
312 1054 510 1126 Concilium
539 1052 715 1127 Pisanum:
748 1057 841 1148 quod
868 1054 1017 1133 Pisaea.
1045 1084 1156 1155 1409.
1179 1070 1344 1143 celebrat·

137 1153 222 1224 dum
262 1147 472 1221 indixerunt.
525 1149 721 1244 Utrumque
751 1152 1028 1227 contendentem
1062 1161 1201 1256 scriptis
1229 1164 1344 1239 litteris

138 1247 332 1322 invitarunt
368 1245 408 1315 ad
442 1243 647 1332 concilium,
681 1243 816 1318 sivero
842 1246 957 1322 adesse
979 1252 1203 1348 recusarent,
1228 1260 1342 1335 nihilo·

138 1342 254 1416 miuus
286 1361 351 1433 pro
382 1337 541 1432 genuino
574 1337 725 1412 concilio
758 1341 1003 1418 Oecumeuico
1031 1347 1104 1423 effe
1134 1352 1341 1440 babendum,

139 1434 278 1531 ejusque
317 1433 470 1507 decretis
509 1431 696 1523 standum,
733 1436 981 1514 decreverunt.
1039 1444 1225 1523 Praeterea
1265 1473 1342 1547 quo·

164 1552 206 1602 ue
243 1527 322 1601 sitae
368 1528 592 1601 obedientiae
650 1531 822 1605 Praelatos
870 1554 1118 1612 convocarunt
1159 1546 1202 1619 sd
1244 1547 1342 1641 Syro·

138 1556 245 1714 iun,
270 1641 306 1695 et
333 1622 471 1719 Regum
494 1645 537 1696 ac
563 1622 764 1721 Principum
781 1625 1192 1723 inpiorsruntauxilium.
1241 1642 1342 1716 litte·

139 1741 198 1796 rae
232 1719 460 1794 Cardinaiium
492 1719 582 1793 hanc
615 1720 651 1794 in
680 1743 755 1794 rent
780 1724 896 1797 editae
928 1724 1006 1797 sunt
1035 1752 1057 1801 a
1091 1732 1277 1810 Dacherio
1308 1736 1340 1807 in

141 1814 345 1928 spicilegio
393 1818 576 1902 Ceterum,
603 1817 694 1908 quod
720 1836 843 1893 notatu
866 1818 1011 1986 ἀίῗηυω
1036 1821 1108 1915 est,
1136 1831 1341 1906 contendunt

142 1913 199 1988 lus
221 1912 259 1987 in
283 1909 425 1999 litteris,
454 1932 486 1983 1.
509 1908 695 1984 Ecclessam
719 1934 783 2008 per
813 1915 883 1988 hoc
918 1914 1050 1992 chisma
1076 1921 1116 1995 in
1146 1925 1341 2001 huntendun

144 2008 215 2084 eise
238 2005 431 2103 coujestatn
456 2003 705 2093 consustouem.
732 2029 765 2083 2.
789 2010 897 2103 Papus
924 2010 1019 2086 nullo
1043 2019 1157 2092 modo
1181 2027 1225 2096 ad
1240 2043 1342 2116 puceu

144 2104 332 2182 ineundam
365 2098 514 2200 potuisse
551 2103 686 2178 adduci.
735 2126 767 2198 3.
799 2103 995 2203 Utrumque
1032 2111 1070 2182 se
1107 2114 1341 2191 demonstrasse

145 2200 424 2286 schismaticum,
457 2198 653 2294 perjurum,
688 2200 923 2274 haereticum:
953 2203 1112 2301 adeoque
1145 2233 1184 2302 4.
1218 2212 1340 2286 noeis

145 2320 261 2371 rerum
288 2296 375 2367 statu
395 2294 451 2386 jus
474 2293 691 2366 convocandi
715 2296 915 2388 synodum,
941 2315 975 2368 et
993 2298 1029 2371 in
1049 2324 1092 2372 ea
1116 2305 1340 2395 praesidendi,

145 2392 215 2463 effe
242 2390 283 2459 ad
309 2389 503 2458 Cardinales
528 2388 743 2463 devolutum.
776 2392 938 2487 Denique
961 2415 996 2481 5.
1014 2396 1249 2493 addiderunt,
1270 2423 1340 2475 con·

143 2486 245 2568 cisia,
271 2485 312 2552 ab
344 2499 489 2573 utroque
522 2481 612 2575 Papa
641 2505 861 2571 convocata,
890 2488 1063 2560 schismati
1098 2495 1335 2594 exstinguendo

143 2578 212 2652 effe
235 2577 375 2668 inepta,
401 2598 465 2646 nec
491 2597 555 2666 pto
581 2575 805 2651 Generatibus
829 2582 997 2657 habenda.
1026 2585 1337 2667 Indixeruntnini·

150 2698 226 2748 rum
268 2671 426 2765 Synodos
458 2670 646 2764 Gregorius
677 2696 714 2746 et
744 2676 974 2765 Beneuistur,
1007 2679 1064 2751 iiie
1090 2684 1128 2756 in
1158 2684 1338 2784 Aquleienfi

146 2767 352 2870 provincia,
379 2766 436 2839 iric
453 2766 702 2861 Perpinianam.
750 2769 851 2865 Quae
868 2774 1056 2865 posterior,
1077 2801 1108 2850 a.
1141 2795 1245 2872 1408.
1259 2781 1337 2856 habi·

148 2893 204 2959 ta,
231 2871 311 2941 iicet
336 2865 516 2957 frequens,
542 2861 927 2962 suiffertrequenrior,
945 2869 1008 2942 niti
1031 2874 1073 2943 ad
1104 2900 1183 2951 eam
1201 2904 1258 2976 per
1273 2877 1338 2950 Gal·

153 2968 233 3039 linm
266 2961 372 3033 aditus
399 2960 512 3032 fuisset
536 2961 747 3054 prohibitus,
772 2985 807 3034 et
832 2964 908 3035 adiu
935 2964 1159 3047 interclusus:
1196 2979 1344 3049 ceiebratt

149 3058 374 3134 nihilominus
398 3056 449 3126 est
465 3057 553 3130 adeo
572 3056 770 3146 solenniter,
795 3059 860 3133 acsi
877 3062 961 3132 esset
978 3063 1238 3146 Oscomenica.
1282 3073 1341 3143 Cir·

150 3177 190 3228 ca
217 3153 371 3226 medium
399 3170 486 3222 ueto
519 3150 677 3232 unionis,
702 3175 782 3224 cum
815 3154 914 3226 vaide
939 3154 1052 3229 secum
1078 3162 1296 3239 dissentirent
1316 3165 1361 3237 in·

150 3248 315 3347 Synodo,
342 3242 399 3318 alii
427 3247 542 3336 enirn,
569 3266 606 3321 ut
630 3270 712 3320 mox
736 3245 843 3321 Pisani
872 3268 949 3321 cum
975 3254 1102 3327 litteris
1128 3257 1350 3336 abdicationis

151 3345 371 3432 mitteretur,
390 3344 574 3430 volebant,
599 3344 657 3417 alii
675 3345 1018 3438 procrastinationem
1035 3352 1239 3446 eligebant,
1257 3359 1351 3449 disap-

150 3442 185 3516 sa
210 3440 285 3515 sere.
309 3436 381 3528 est,
414 3438 613 3512 osiodecim
637 3460 769 3514 tantum
800 3442 1009 3515 Praesulibus
1037 3453 1280 3543 manentibus,
1301 3448 1352 3545 qui

148 3534 374 3612 Benedidtum
407 3534 450 3608 ad
483 3534 575 3606 vium
611 3535 769 3608 cessionis
792 3539 910 3609 conati
936 3541 1011 3610 sunt
1038 3565 1273 3638 permovere,
1303 3544 1351 3621 sed

149 3637 260 3731 Papa,
285 3631 366 3703 licet
389 3628 424 3702 se
452 3631 495 3702 ab
519 3651 559 3702 ea
583 3628 872 3703 demonstraverit
890 3634 979 3704 hand
1005 3640 1179 3726 alienum,
1207 3645 1348 3718 adsume·

151 3755 192 3807 re
224 3725 377 3802 nundum
412 3726 537 3796 voluit.
586 3727 739 3817 Legatos
770 3727 905 3821 quidem
938 3729 1043 3804 Prsam
1068 3734 1164 3807 misit
1193 3739 1350 3827 Benedic-

152 3846 227 3913 tus,
249 3820 309 3896 sed
336 3814 394 3915 qui
420 3839 525 3912 aegre
548 3841 592 3890 eo
618 3840 811 3929 venerunt,
836 3821 873 3892 in
899 3822 1030 3898 itinere
1053 3829 1144 3922 jussu
1171 3832 1352 3934 Regisde.

151 3916 261 4010 tenti,
285 3915 417 3999 donec,
442 3913 689 3988 intercessione
716 3916 825 4011 Regtr
852 3915 1089 4013 Arragoniae,
1116 3926 1256 4005 suerint
1277 3951 1352 4005 cum

147 4007 432 4097 turo-conductu
452 4008 597 4091 dimisti:
630 4009 786 4105 interea,
811 4010 893 4090 Pifis
916 4016 978 4092 vis
1000 4039 1019 4093 t
1041 4020 1207 4116 periculo
1232 4025 1355 4104 mortis

1273 4120 1361 4217 ruti,
