2976 4830
641 545 746 620 sicui.
775 546 861 620 iii.
1276 492 1277 496 Ὺ
1318 575 1364 644 19

134 746 215 800 tum
230 746 303 800 non
321 723 480 821 culpam,
505 722 561 799 sed
578 747 727 820 poenam
744 727 943 816 remittere,
963 727 1077 802 Deum
1099 749 1186 803 vcro
1204 725 1359 823 culpam,

138 845 277 920 poenas
302 822 544 896 damnatorum
570 820 664 918 palie
688 822 856 914 inminui,
897 826 1097 897 Daemones
1129 823 1281 897 nonduin
1303 823 1360 898 in·

136 919 335 994 ferialibus
359 914 429 991 elie
456 918 494 991 in
519 918 752 1007 cruciatibus,
777 921 902 1018 eosque
930 943 1016 994 mox
1040 944 1059 994 a
1082 919 1262 994 creatione
1278 938 1362 1014 pec·

134 1015 256 1106 casse,
290 1011 425 1088 sanctos
446 1013 671 1111 personaliter
688 1036 758 1087 non
774 1012 988 1090 descendere
1005 1018 1039 1089 iu
1066 1035 1214 1105 terram,
1243 1013 1363 1088 interi·

129 1111 279 1190 tionem
307 1107 453 1183 ministri
491 1130 562 1182 nori
595 1108 783 1184 necessario
813 1113 942 1210 requiri
973 1110 1010 1185 ia
1050 1110 1276 1187 conficiendo
1310 1108 1362 1183 sa·

130 1224 347 1297 eramento,
388 1203 542 1280 infantes
564 1228 637 1280 non
662 1206 858 1305 baptizatos
889 1206 1067 1299 damuati,
1109 1228 1146 1283 et
1169 1224 1363 1307 propterea

127 1300 176 1379 in
202 1323 295 1378 terra
319 1301 434 1378 imita
457 1323 530 1376 nan
554 1299 702 1400 sepeliri.
726 1322 795 1378 etc.

187 1398 222 1497 ς.
248 1399 352 1474 XVI.
376 1399 495 1474 Petras
510 1396 743 1490 Pillaii'enstr,
768 1398 984 1497 cujusmodo
1001 1397 1166 1491 memini,
1193 1422 1261 1474 una
1278 1422 1361 1476 cuin

126 1493 219 1593 ipso
246 1519 267 1570 a
292 1493 464 1570 Mathout
487 1495 706 1592 publicatus,
729 1493 824 1570 Petri
851 1494 1040 1571 Lambardi
1065 1495 1133 1568 suit
1151 1495 1362 1591 discipulus,

123 1614 196 1682 et,
230 1610 380 1687 propter
408 1587 544 1687 ingenii
569 1591 825 1683 subtilitatem,
865 1589 992 1666 meruit
1026 1615 1104 1665 cum
1136 1590 1359 1685 Lambardo,

123 1688 361 1774 Abaelardo,
394 1704 432 1758 et
456 1687 621 1760 Gilberta
647 1688 859 1776 Porretano,
885 1687 930 1761 de
954 1709 1022 1786 quo
1045 1710 1150 1776 mox,
1186 1688 1361 1764 accenseri

113 1798 278 1881 quatuor
294 1782 423 1855 Galliae
439 1782 654 1877 labyrinthis,
680 1799 718 1854 ut
743 1781 833 1858 fecit
861 1782 1069 1873 Gualterus,
1101 1783 1198 1856 Prior
1217 1784 1252 1857 8.
1272 1783 1359 1859 Vic-

114 1881 251 1971 toris,
309 1878 341 1951 ui
367 1877 460 1952 circa
481 1901 512 1951 a.
541 1885 646 1958 1180.
669 1876 783 1968 vixit,
816 1874 954 1973 scriptis
979 1899 1100 1952 contra
1124 1901 1186 1952 eos
1210 1896 1358 1976 quatuor

99 1976 244 2052 libris.
335 1974 384 2048 id.
410 1972 587 2045 Launoius
611 1973 656 2044 de
684 1977 778 2047 naria
808 1977 995 2068 Aristotelis
1012 1972 1176 2068 fortuna,
1218 1997 1295 2070 cap.
1323 1999 1359 2072 3.

107 2069 277 2147 Docuit
298 2087 415 2144 autem
434 2071 551 2141 Petrus
573 2068 804 2162 Theologiam
822 2068 975 2159 Parisiis,
999 2069 1082 2142 dein
1102 2070 1358 2163 cancellarius,

99 2165 289 2262 <lenique
303 2164 497 2273 Episcopus
512 2164 789 2252 Ebredunensis,
807 2160 918 2237 faetus
934 2165 977 2238 ab
994 2185 1022 2237 a.
1045 2186 1174 2253 ωσι,
1201 2184 1360 2244 mortuui

108 2289 165 2338 zi.
206 2283 316 2352 1205.
371 2256 517 2355 Scripsit
542 2256 695 2355 quinque
719 2258 826 2333 libros
859 2256 1127 2347 sententiarum,
1161 2256 1198 2332 in
1233 2259 1359 2354 quibua

94 2355 303 2455 magistri
328 2354 467 2452 quidem
503 2355 749 2429 sententiarum
785 2350 953 2452 vestigia,
996 2355 1110 2452 quoad
1144 2352 1358 2448 doctrinam,

99 2453 293 2551 premit,
332 2451 389 2525 sed
422 2452 490 2524 alia
519 2448 657 2545 prorsus
691 2449 804 2524 utitur
842 2449 1031 2538 methodo,
1073 2449 1291 2545 quaestiones
1311 2474 1357 2535 ex

101 2547 325 2648 principiis
349 2543 601 2640 Philosophicis
624 2544 782 2636 solveris,
815 2561 850 2618 et
874 2543 1081 2642 syllogistice
1104 2564 1173 2619 etc.

181 2646 216 2746 §.
244 2644 363 2719 xvii.
399 2642 564 2715 Gilbertas
587 2640 807 2730 Porticanus,
839 2659 878 2714 ut
904 2640 948 2715 de
972 2661 1016 2713 eo
1041 2663 1125 2713 mox
1150 2663 1271 2739 again,

108 2743 206 2819 tria
228 2736 472 2829 Pislaviensii,
522 2735 648 2811 rimum
665 2737 813 2810 Scholae
836 2735 1029 2813 Parilieusrs
1052 2735 1208 2826 Reilor,
1234 2758 1272 2812 et
1341 2778 1357 2797 ·

107 2835 287 2914 monicus
303 2831 480 2910 pictavien
507 2857 540 2923 s,
565 2831 647 2907 deiu
673 2833 766 2907 urbis
782 2830 911 2930 patriae
927 2828 1119 3000 Episcopus
1134 2833 1178 2904 ab
1196 2855 1224 2906 a.
1248 2844 1355 2923 irari

113 2935 179 3009 ad
207 2955 237 3005 a.
268 2951 397 3019 1145„
430 2927 517 3003 sicut
548 2926 698 3001 summus
722 2927 918 3003 celebratur
943 2926 1044 3000 Philo
1060 2925 1194 3020 ophus,
1225 2928 1275 3002 ita
1306 2948 1355 3003 ex

114 3031 264 3125 ingenii
278 3028 418 3121 subtilis
434 3026 672 3119 magnitudine,
699 3046 738 3098 aa
755 3027 917 3098 ratianum
933 3025 1099 3110 acumine,
1120 3038 1252 3116 praeter
1268 3044 1355 3097 cam·

117 3150 265 3201 munem
289 3123 449 3195 staminum
479 3143 592 3194 marein
625 3123 727 3192 multa
749 3119 868 3214 fertur
898 3117 1032 3215 distillet
1073 3134 1112 3191 ut
1135 3119 1240 3194 habet
1262 3120 1356 3194 Otto

119 3221 287 3314 Frismg.
320 3216 366 3291 de
397 3211 500 3322 gellis
528 3212 689 3287 Fredericr‘
716 3217 738 3288 l.
775 3216 803 3289 l.
836 3236 868 3288 c.
902 3221 962 3322 46.
1013 3214 1209 3314 Damnatae
1241 3211 1352 3290 etiam

127 3320 220 3392 sunt
246 3315 321 3410 ejus
355 3310 545 3407 opiniones
577 3309 615 3383 in
651 3307 801 3406 Synodis
835 3307 1122 3384 Antisrodorense
1155 3329 1194 3384 et
1233 3309 1354 3387 Parisi-

127 3415 221 3487 ense
243 3433 274 3484 a.
304 3428 407 3499 1147.
434 3425 471 3479 et
495 3405 687 3481 Rhemens.
721 3429 751 3479 a.
781 3413 910 3494 1148.,
940 3404 1133 3479 accedente
1165 3404 1358 3483 autoritate

126 3511 252 3606 Papae
282 3501 431 3599 Eugenii
465 3501 530 3576 ΙΙΙ.
577 3501 677 3574 Inter
710 3500 786 3596 ejus
814 3497 1029 3575 adversarios
1062 3499 1245 3597 praecipui
1277 3501 1357 3579 fue·

128 3623 224 3678 runt
276 3599 447 3673 Praesules
496 3594 691 3688 Gallicani,
747 3614 785 3670 et
825 3595 1019 3670 Bernardus
1066 3596 1353 3677 claraevallensis.

126 3700 283 3775 Errores
307 3716 414 3782 vero,
439 3690 504 3788 ipsi
528 3689 699 3787 inputati,
732 3689 824 3787 apud
850 3688 1015 3766 Beruard.
1042 3692 1202 3767 Sermon.
1230 3702 1287 3774 80.
1312 3693 1351 3770 iu

134 3793 305 3881 Cantica,
337 3809 376 3864 et
401 3790 524 3863 Otton.
548 3786 694 3887 Frisrng.
721 3788 745 3860 l.
768 3787 831 3861 cit.
860 3810 891 3862 1.
917 3808 999 3880 50„
1026 3788 1155 3865 Matth.
1180 3791 1285 3866 Paris.
1310 3787 1352 3864 ad

138 3917 172 3968 a.
201 3909 334 3979 1119.,
357 3907 398 3958 ac
422 3882 527 3968 alios,
552 3883 693 3958 suerunt
709 3883 902 3980 sequentes.
952 3906 984 3959 1.
1010 3883 1143 3959 Primus
1164 3904 1203 3958 et
1228 3885 1355 3995 palma:

141 3985 207 4078 ris,
249 3979 347 4082 quod
375 3980 466 4057 iuter
495 3979 609 4056 Deum
636 3999 673 4056 et
694 3980 950 4149 Dcivinitatem,
991 3979 1051 4058 seu
1079 3977 1271 4152 adtribpfltpti
1272 3978 1364 4156 11liei¹

770 4097 791 4147 2
1322 4099 1362 4155 ς.
